3040 4832
1212 383 1253 444 67

136 554 159 614 si
182 573 240 614 uno
254 557 359 616 tenore
380 574 448 616 cnm
470 555 666 632 sequentibus
687 556 875 616 enuntiatum
890 557 1102 618 existimemus.
1146 557 1253 634 ltaque

137 657 274 718 cretionis
297 659 412 718 initium
435 658 493 720 hoc
514 657 607 720 luisse
629 663 715 738 puto:

307 779 450 873 Ἆδμηθ’,
473 776 545 871 ὁρῶ
566 783 629 872 γὰρ
652 780 741 872 τάμὰ
760 778 932 872 πράγμαθ’
948 777 994 864 ὡς
1017 785 1093 872 ἔχει,

308 891 400 974 λέξαι
421 891 516 957 θέλω
537 908 590 957 σοι
611 891 694 976 πρὶν
715 895 837 956 θανεῖν
861 885 882 956 ἃ
903 884 1079 976 βούλομαι·

307 990 455 1081 θνῄσκω.
478 990 591 1079 παρόν
604 1017 662 1078 μοι
681 991 725 1079 μή
741 999 863 1060 θανεῖν
877 984 964 1080 ὑπὲρ
979 993 1081 1060 σέθεν

306 1149 313 1162 .
339 1148 346 1162 .
370 1149 377 1162 .
402 1150 409 1163 .
433 1087 498 1164 συίι
523 1087 675 1185 ἠθέλησα
696 1101 760 1183 ζῆν
783 1148 790 1162 .
815 1149 823 1165 .
847 1149 854 1164 .

218 1267 294 1336 sle.
314 1269 396 1336 482:
424 1269 482 1334 καί
503 1283 568 1336 ποι
586 1262 743 1354 nopotem
768 1272 818 1355 τῷ
841 1269 1034 1353 ξυνέξευξαι
1055 1265 1192 1355 πίάνῳ;

217 1394 375 1456 Neuelrius
401 1401 483 1456 recte
506 1395 625 1472 quidem
649 1395 861 1455 animadvertit
881 1396 965 1456 verbi
988 1385 1256 1474 συνζεύγνυσθαι

135 1503 163 1558 et
185 1499 364 1559 substantivi
387 1487 517 1572 πλάνος
539 1499 677 1560 notiones
700 1497 788 1558 nimis
810 1498 946 1559 diversas
968 1517 1048 1576 csse,
1075 1518 1153 1576 quse
1176 1518 1256 1560 com-

135 1603 203 1678 poni
226 1603 355 1680 possint3
378 1603 460 1680 quod
483 1605 581 1664 autem
605 1603 670 1678 ipsc
693 1603 835 1680 proponit
854 1603 901 1662 vir
915 1601 1021 1662 doctus
1043 1591 1173 1681 πότμῳ,
1196 1621 1256 1663 non

136 1705 263 1765 feliciter
292 1706 431 1766 coniecit.
482 1707 592 1765 Parum
623 1706 700 1764 enlm
733 1704 873 1764 distincto
903 1705 977 1765 haec
1008 1704 1091 1765 chori
1120 1706 1256 1783 quaestio

135 1813 226 1884 esset,
254 1808 366 1886 quippe
392 1807 444 1885 qui
466 1809 522 1867 iem
547 1807 795 1884 interrogavisset
816 1826 906 1868 versu
926 1811 987 1869 479
1003 1826 1060 1884 ειμι
1091 1791 1164 1865 a'tt'
1184 1800 1257 1866 είπὲ

133 1904 223 1988 χρεία
246 1903 297 1980 τίς
319 1921 353 1968 σε
380 1903 557 1969 Θεσσαλῶν
576 1899 689 1987 χθόνα
711 1903 835 1987 πέμπει
859 1955 864 1968 .
890 1955 896 1967 .
921 1955 928 1967 .
966 1911 1071 1987 ltaque
1094 1909 1194 1970 nescio
1217 1929 1255 1968 cn

135 2013 203 2072 milui
226 2013 374 2074 essentias
397 2013 539 2074 scribenti
561 2009 612 2090 τῴ
627 2004 821 2089 ξυνέξευξαι
835 2001 950 2090 πόνῳ;
988 2013 1064 2072 Nem
1085 2031 1163 2089 quoe
1182 2013 1257 2072 Her·

135 2116 215 2176 eules
237 2133 327 2175 versu
350 2117 451 2194 priore
474 2114 684 2192 responderet:
715 2108 885 2192 Τιρυνθίῳ
906 2102 1046 2192 πράσσω
1068 2100 1131 2172 τιν’
1151 2099 1257 2192 Εὐρυ-

134 2215 211 2276 σθεῖ
230 2207 351 2291 πόνον,
379 2237 461 2278 nunc
487 2216 657 2279 accuratius
680 2217 790 2277 chorus
817 2217 975 2294 percipere
997 2215 1110 2292 studet,
1137 2235 1198 2294 que
1219 2218 1257 2277 (le

136 2339 227 2382 censa
253 2322 364 2398 optime
390 2339 536 2398 quaerere
563 2324 675 2398 potest:
706 2339 766 2397 quo
794 2319 1015 2397 proficisceris?
1045 2319 1128 2397 quali
1155 2319 1257 2380 labore

135 2423 217 2502 iungi
241 2429 363 2485 coactus
384 2425 438 2486 es?
475 2424 563 2499 Quod
586 2427 686 2484 autem
709 2424 836 2484 duorum
852 2442 991 2484 versuum
1007 2423 1073 2484 finis
1095 2423 1159 2483 iero
1177 2423 1256 2484 idem

135 2533 189 2606 est,
210 2547 270 2590 non
293 2529 428 2590 offendit
493 2599 497 2606 Ι

219 2675 286 2742 942
295 2693 363 2756 up:
384 2667 450 2741 τίν’
462 2668 505 2740 ἂν
519 2672 723 2760 προςειπαίν,
738 2679 803 2742 τοῦ
818 2676 854 2742 δὲ
869 2675 1074 2762 πρσςρηθείς
1088 2663 1156 2741 {ino

337 2780 485 2864 τερπνῆς
506 2771 636 2863 τύχοιμ’
651 2771 693 2842 ἃν
716 2775 863 2856 είςόδου,·
885 2789 949 2843 ποτ
968 2779 1149 2863 τρέψομαι;

219 2919 376 2982 Νισιίιίιιε
398 2939 517 2981 versum
542 2922 667 2981 alterum
690 2923 826 3000 spurium
849 2925 957 2982 notens
979 2921 1016 2982 ob
1039 2940 1104 2981 enm
1120 2940 1182 2982 rem
1206 2919 1259 2980 ed·

136 3023 229 3086 ditum
252 3041 318 3084 esse
346 3027 445 3102 putet,
474 3027 508 3082 ut
534 3022 573 3082 ad
596 3024 755 3100 participia
776 3012 969 3102 προςειπών
996 3027 1026 3084 ct
1046 3017 1259 3103 προςρηθείς,

137 3145 215 3204 quae
237 3145 305 3186 cnm
323 3110 480 3203 ἀνέξομαι
502 3124 543 3199 (r.
560 3122 635 3199 941)
658 3126 867 3203 coniungenda
882 3143 947 3187 esse
969 3126 1153 3204 neglexisset
1166 3127 1259 3186 inter·

135 3228 263 3304 poletor,
286 3227 411 3288 verbnm
426 3225 540 3288 finitum
561 3231 782 3304 assequeretur.
825 3227 992 3306 Praecipue
1006 3223 1154 3306 τερπνῆς
1176 3227 1258 3302 inep-

136 3331 281 3392 tissimum
297 3332 325 3392 ei
339 3329 468 3402 videtur,
491 3347 557 3392 curn
574 3330 660 3392 dicit:
686 3349 791 3403 „wenc
813 3330 923 3392 Admet
944 3330 1055 3392 rorher
1077 3333 1184 3408 gessgt
1199 3329 1259 3400 het,

135 3435 197 3495 scin
213 3433 374 3496 verodetes
388 3435 475 3496 Heus
496 3435 539 3496 sei
554 3434 616 3494 ihm
639 3434 851 3512 nnertrtgliclr‚
873 3451 907 3496 so
929 3433 1012 3496 ksun
1034 3452 1067 3496 er
1090 3432 1174 3496 nicht
1195 3430 1259 3508 t'tg·

136 3537 194 3598 lich
216 3535 392 3610 sonentur,
414 3535 485 3597 dass
501 3535 589 3598 lreinc
605 3536 737 3610 Anredc,
760 3536 809 3600 (lie
828 3555 860 3600 er
876 3556 914 3598 ιιι
926 3535 1051 3616 jemand
1067 3536 1164 3596 richte
1186 3534 1259 3596 oder

136 3639 184 3700 dic
206 3659 245 3702 eu
268 3639 318 3700 ilrn
334 3638 483 3718 gerichtet
498 3637 606 3712 werde,
629 3639 692 3702 sein
709 3641 866 3718 Eingehcn
888 3641 919 3700 in
934 3639 989 3700 des
1003 3639 1087 3700 Heus
1108 3656 1146 3698 su
1161 3637 1257 3698 ciuem

136 3742 337 3822 erglltclichen
360 3740 485 3804 macheu
509 3739 636 3802 werde‘
683 3743 724 3804 At
746 3742 819 3818 quid
842 3741 951 3816 obstet,
972 3740 1045 3818 quin
1069 3740 1123 3802 hus
1147 3740 1261 3816 cogite·

136 3845 232 3908 tiones
254 3843 487 3908 connectamus?
523 3845 604 3906 Dicit
625 3843 785 3922 Admetus,
813 3861 912 3922 neque
938 3841 1035 3921 ipsunt
1066 3861 1143 3906 sse
1170 3859 1260 3922 posse

137 3947 297 4026 impetrare
324 3952 358 4008 nt
380 3946 501 4008 domum
523 3945 614 4006 intret
642 3963 742 4024 neque
768 3946 829 4008 ullo
850 3945 1001 4024 colloquio
1023 3944 1101 4020 fieri,
1128 3947 1161 4006 ut
1182 3944 1260 4004 lecto

136 4067 204 4112 cnm
219 4050 318 4112 culmo
332 4048 463 4122 incedet,
476 4047 508 4110 id
523 4053 582 4110 est:
598 4065 697 4126 neque
713 4066 843 4126 unquam
857 4049 984 4110 eliorum
1001 4048 1153 4110 hominnm
1165 4062 1258 4124 opere

137 4153 175 4214 ibi
196 4172 230 4214 se
251 4152 366 4214 felicem
388 4169 457 4214 esse
478 4152 628 4228 luterum
650 4151 764 4228 pergit:
786 4156 849 4212 ποι
866 4145 1050 4230 solocem,-
1071 4132 1092 4228 ἡ
1115 4137 1260 4228 μὲνγὰρ

138 4247 235 4338 ίξελᾷ
254 4239 288 4333 μ’
304 4246 432 4334 ἐρημία,
455 4273 515 4332 quo
530 4273 577 4316 me
592 4253 729 4316 vertum?
752 4273 819 4316 nrm
841 4253 983 4326 solitudo,
1006 4271 1083 4332 queo
1106 4251 1185 4314 domi
1207 4255 1262 4324 est,

139 4375 183 4418 me
206 4357 343 4437 expellitl
385 4357 474 4428 Quali
497 4357 527 4418 in
550 4357 762 4420 sententiarum
786 4357 892 4420 ordine
914 4355 989 4418 nihil
1012 4354 1151 4432 offendit,
1177 4353 1262 4414 dum·

1076 4467 1107 4520 ᾖ*
