3040 4832
1222 387 1260 448 71

118 562 182 623 hoe
209 565 335 623 tantum
359 563 521 642 otientur,
552 567 584 624 nt
605 579 712 623 versus
734 563 845 642 prioris
868 579 974 624 sensus
997 561 1179 639 ineptissime
1203 565 1262 622 ior·

119 669 280 743 queatnr,
308 684 368 726 non
391 666 492 745 modo,
522 670 556 727 ut
583 666 684 726 omnia
710 662 854 726 eiusmodi
876 663 968 724 verbs
993 665 1024 724 in
1051 664 1134 726 initio
1156 681 1263 726 versus

120 769 243 844 posita,
268 773 440 846 suspectum
463 769 517 830 sed
540 767 793 847 suspeetissimum
809 785 875 828 esse
891 767 971 845 dieii,
992 785 1059 828 oum
1081 766 1262 828 ineoneinns

118 876 313 950 sequantur.
357 873 464 950 Neque
487 872 585 932 minus
608 875 689 934 reete
712 889 806 932 verss.
822 874 939 949 356sq.
963 875 1068 949 utpote
1089 871 1127 931 ab
1143 871 1262 932 histrio·

120 975 222 1035 nibus
257 975 296 1035 ad
324 975 497 1052 ampliorem
526 977 666 1036 effectum
694 975 864 1036 scaenicum
893 972 1114 1050 assequendum
1144 973 1263 1034 additos

120 1077 301 1140 damnavit.

219 1226 370 1310 Hippoi.
390 1225 537 1307 4018q.:
570 1231 756 1292 κατθανεῖν
782 1221 879 1306 ἔδοξέ
898 1247 956 1308 μοι
983 1220 1176 1310 κράτιστον·
1205 1215 1262 1290 ου’-

122 1329 199 1408 deig
230 1319 365 1415 άντερεῑ
384 1321 618 1414 βουλεύμασιν.

220 1457 269 1516 Ita
292 1454 479 1532 Dindoriins3
503 1455 589 1514 aliter
605 1453 806 1514 distinxerunt
828 1451 1034 1514 Kirohhoffins
1049 1456 1080 1513 et
1095 1451 1262 1530 Nauokins,

122 1559 182 1637 qni
219 1557 333 1619 oodieis
364 1551 511 1617 Meroieni
538 1556 688 1634 scriptore
715 1559 842 1634 sooepta
872 1558 1035 1634 praebent:
1068 1545 1260 1635 κράτιστον,

123 1647 248 1732 οὐδεὶς
269 1645 409 1738 άντερεῑ,
432 1648 682 1738 βουλευμάτων.
725 1659 812 1734 Quod
829 1663 928 1720 antem
945 1659 1072 1720 Woilius
1092 1659 1180 1720 etiam
1196 1678 1261 1720 ver·

124 1766 204 1824 bnm
230 1752 411 1842 κράτιστον
433 1763 470 1824 eb
494 1753 587 1838 ἔδοξέ
599 1779 658 1841 μοι
680 1763 800 1841 virgula
820 1763 961 1841 seiungit,
984 1781 1091 1824 vereor
1114 1781 1151 1822 ne
1174 1762 1260 1824 nimis

124 1867 306 1943 quaesitum
329 1866 375 1926 sit

124 2015 310 2096 8088qq.:
334 2015 460 2098 χαλᾶτε
475 2015 619 2097 κλῇθρα,
641 2008 842 2097 πρόσπολοι,
864 2009 1092 2096 πυλωμάτων,

340 2106 500 2182 ἑκλύσαθ’
517 2105 652 2201 άρμούς,
675 2105 721 2192 ὥς
742 2113 805 2180 ἴδω
826 2107 953 2200 πικράν
976 2113 1061 2180 θέαν

342 2210 516 2304 γυναικός,
538 2209 558 2305 ἦ
579 2241 619 2302 με
641 2208 849 2284 κατθανοῦά
871 2207 1055 2282 άποάλεσεν.

222 2345 366 2405 Brunokii
383 2343 619 2406 emendationem
639 2328 767 2422 πικράν
782 2336 869 2402 θέον
890 2361 945 2421 pro
965 2331 1029 2421 τὴν
1044 2335 1259 2422 άυσάαλμονα,

128 2448 218 2526 qnod
241 2447 353 2509 habent
376 2448 410 2506 Μ
428 2449 453 2507 Α
476 2449 504 2507 Ρ
525 2447 549 2508 C
573 2445 790 2525 (superscripto
814 2448 844 2506 in
861 2447 887 2505 Α
907 2435 970 2525 τὴν
993 2439 1162 2525 δυστυχῆ),
1184 2445 1259 2506 eooi-

128 2551 221 2628 piens
237 2549 410 2611 Dindorfins
426 2552 468 2610 ita
483 2551 594 2611 scribit
637 2549 795 2610 Nenekins
819 2542 1024 2627 δυσδαίμονα
1040 2549 1174 2610 retinens
1195 2567 1260 2609 ver·

129 2671 200 2713 snm
214 2656 277 2715 810
291 2658 344 2714 ant
362 2659 533 2731 corruptum
550 2655 602 2711 ent
618 2652 815 2713 amovendum
832 2652 919 2726 dieit;
934 2651 1059 2712 Weilius
1074 2651 1259 2712 Brnnekium

131 2762 259 2816 seontus
287 2756 442 2816 observet:
477 2755 526 2827 „Si
556 2773 593 2815 on
618 2757 689 2816 veut
716 2773 877 2815 conserver
899 2747 1119 2832 δυσδαίμονα,
1150 2753 1173 2814 il
1195 2753 1260 2814 iant

131 2859 237 2935 piaeer
259 2861 322 2920 810
344 2857 596 2920 immediatement
619 2859 707 2934 apres
730 2861 805 2934 807;
834 2847 967 2934 θεωρὸς
987 2843 1148 2935 γυναικός
1169 2857 1260 2917 serait

131 2963 217 3022 storo
246 2981 287 3020 nn
314 2960 500 3022 doulenrenx
523 2961 578 3037 jeu
609 2959 647 3020 de
676 2959 776 3022 mots“
829 2961 1009 3021 Aeenrstins
1039 2959 1077 3020 de
1104 2959 1162 3020 hoo
1191 2961 1258 3020 loeo

132 3063 299 3142 disputavit
320 3063 462 3136 Gledlins,
484 3063 536 3140 qni
558 3081 585 3124 v.
605 3065 667 3124 809
684 3065 798 3123 remoto
821 3063 921 3122 omnis
943 3063 1054 3140 optime
1069 3079 1102 3122 se
1118 3061 1258 3122 habitura

133 3185 200 3226 esse
223 3171 325 3244 speret
354 3185 413 3227 non
442 3165 594 3239 dubitans,
622 3169 655 3224 nt
681 3165 735 3241 ait,
763 3151 921 3242 γυναικὸς
950 3183 1015 3224 enm
1039 3153 1259 3242 πυλωμάτων

134 3269 327 3348 coniungere.
374 3268 432 3330 Sed
464 3267 601 3346 quamvis
632 3268 690 3328 hoo
718 3266 781 3327 fieri
812 3285 900 3345 posse
934 3266 1183 3328 demonstraverit
1214 3267 1259 3327 vir

134 3371 256 3450 doetus,
285 3376 384 3431 tamen
413 3371 561 3432 sententio
587 3371 674 3430 nimis
700 3370 811 3449 frigida
839 3373 925 3432 esset
969 3371 1075 3448 Itaque
1104 3389 1164 3430 une
1190 3389 1257 3432 eum

134 3475 250 3537 Giodiio
259 3471 281 3551 ¹)
303 3473 573 3552 interpolationem,
595 3472 649 3534 sed
668 3473 795 3534 aliorum
811 3474 972 3534 verborum
995 3491 1164 3552 agnoscens
1188 3493 1258 3534 eon·

134 3579 309 3656 iectursque
331 3575 444 3638 Reiskii
464 3593 539 3642 ,usus
562 3575 659 3636 loeum
683 3577 728 3636 sie
751 3577 945 3636 restituerim:

336 3693 458 3776 χαλᾶτε
477 3689 610 3772 κλῇδας,
633 3679 680 3766 ὡς
695 3687 763 3772 {idco
784 3688 990 3772 δυσδαίμονα

338 3793 440 3859 νέκυν
462 3781 629 3878 γυναικός,
651 3781 672 3878 ἢ
695 3787 852 3858 θανοῦσά
872 3781 905 3876 μ>
921 3783 1053 3858 ὤλεσεν.

135 3921 288 3984 Fsoiiiime
312 3922 389 3982 onim
413 3920 510 3982 soribe
531 3919 633 3980 verbis
655 3919 715 3980 iltis
736 3913 1003 3996 χαλᾶτεκλῇάας
1025 3917 1137 3980 addere
1160 3919 1258 3998 potuit

134 4013 337 4102 πρόσπολοι,
358 4010 578 4102 πυλωμάτων
593 4005 752 4080 ε’κλάσαθ’
768 4004 908 4100 epponis,
931 4021 1022 4082 verba
1044 4041 1060 4082 e
1079 4022 1145 4083 loeo
1167 4021 1256 4082 simil-

134 4127 202 4188 limo
227 4126 303 4186 Med.
323 4131 404 4190 1314
414 4145 467 4204 sq.‚
490 4131 522 4186 nt
544 4127 626 4186 reete
650 4127 749 4184 monet
771 4123 914 4200 Glodiius,
936 4124 1092 4186 translato„

221 4311 241 4370 ¹)
266 4306 299 4361 ii.
317 4305 412 4360 diost:
448 4303 491 4360 De
519 4301 731 4374 interpolstione
764 4300 910 4372 Hippolyti
941 4299 1051 4358 inbuite
1080 4301 1255 4372 Euripideso.

135 4391 212 4450 ttsits
235 4397 308 4460 1879,
330 4407 394 4462 psg.
415 4395 493 4460 issq.
