3040 4832
1246 328 1286 390 83

138 579 141 586 Ι
166 509 279 580 τυχεῖν
300 489 435 574 κᾶλυιί,
464 495 634 579 κέκλησθέ
654 520 708 576 pro
725 501 896 574 indioativo,
918 489 1031 562 πολλί
1053 519 1108 578 pro
1123 492 1288 576 πολλάκις

167 607 277 688 dietum
300 605 461 684 aeeipiens.
500 604 596 678 Quam
612 604 850 665 emendationem
873 604 1046 666 Dindordus
1061 605 1210 683 probavit,
1233 606 1287 666 sed

166 699 330 786 κέκληοθε
345 725 401 784 pro
413 706 591 783 imperativo
607 705 787 784 babendum,
801 695 915 765 πολλά
930 725 996 766 oum
1011 696 1139 785 χρηστὰ
1151 692 1286 766 κᾶλυιιο

165 809 406 885 coniungendum
422 826 489 868 esse
511 809 638 885 putavit,
661 808 800 885 quoniam
823 797 933 867 πολλά
948 808 1039 868 verbo
1055 803 1218 889 κέκλησθέ
1233 810 1284 870 ad·

165 912 258 972 ditum
286 929 351 972 esse
379 931 465 973 nemo
492 911 581 971 iaoiie
608 913 745 988 sentiret,
776 913 832 972 nisi
860 929 946 989 quem
975 929 1090 972 oomma
1117 912 1286 990 appositum

165 1015 340 1092 monuisset;
370 1015 397 1074 id
430 1013 512 1092 qnod
544 1013 623 1073 haud
649 1014 760 1073 iniuria
790 1018 895 1074 eontra
922 1013 1031 1074 dietum
1066 1015 1135 1072 mihi
1158 1014 1285 1074 videtur.

167 1117 415 1177 verisimillimum
439 1121 539 1178 autem
563 1121 609 1176 est
641 1115 722 1193 quod
750 1116 852 1176 seribit
874 1116 1093 1178 Kirehhoffins:
1121 1110 1288 1196 κέκλησθέ

162 1235 229 1296 μοι,
251 1215 336 1294 θεοί,
358 1204 457 1280 πόλλ’
472 1204 615 1300 ἄχρηοθ’
630 1203 716 1296 ὁμοῦ
737 1208 852 1278 κλύειν
874 1213 931 1278 καὶ
953 1210 1073 1298 λυπρά.

249 1340 441 1418 Διγοᾶοῖοο,
475 1341 498 1400 si
528 1339 584 1400 hoe
611 1340 699 1400 modo
726 1340 824 1400 loenm
852 1340 990 1417 legimus,
1023 1341 1213 1401 statuendum
1242 1347 1287 1402 est

165 1445 298 1514 eaosaie,
320 1445 344 1502 si
369 1443 555 1504 Diudordum
579 1444 664 1520 sequi
688 1443 782 1516 maiis,
805 1444 1039 1503 consecutivum.

251 1623 394 1691 Eleetra
416 1624 482 1692 eol
496 1642 565 1706 soa

315 1736 391 1828 λέγ’,
414 1731 443 1809 ὦ
462 1743 580 1830 γεραιέ,
603 1739 682 1809 τάδε
703 1741 989 1832 Κλυταιμνήστρᾳ
1004 1741 1131 1828 μολών.

317 1843 402 1931 λεχώ
422 1839 455 1934 μ’
472 1837 653 1931 ἀπάγγελλ’
668 1839 773 1912 οὖσαν
796 1841 937 1931 ἄρσενος
960 1843 1062 1930 τόκῳ.

249 2007 391 2081 Quamvis
414 2006 470 2067 viri
494 2006 574 2068 doeti
597 2005 636 2066 ad
659 2005 901 2082 stiohomythiam
925 2007 1104 2067 servandam
1133 2013 1186 2068 aut
1207 2009 1287 2068 laen·

164 2130 231 2170 uam
258 2113 335 2172 inter
365 2112 457 2172 hosce
479 2129 586 2172 versus
612 2111 774 2172 statuerint
801 2115 854 2172 aut
882 2111 1012 2188 priorem
1040 2112 1175 2186 spurium
1204 2117 1287 2172 uota-

164 2215 273 2286 veriut,
299 2219 398 2276 amen
421 2212 530 2274 Fuuke
559 2215 589 2281 (l.
605 2214 624 2272 l.
643 2232 672 2290 p.
688 2216 728 2274 25
739 2211 817 2292 sqq.)
844 2217 958 2274 reatum
986 2212 1098 2274 vidisse
1124 2214 1194 2274 mihi
1220 2232 1286 2292 per·

164 2333 282 2376 suasum
312 2321 368 2394 est,
401 2316 654 2378 demonstrantem
681 2316 774 2378 verba
803 2316 913 2378 tradita
944 2334 1042 2393 neque
1072 2316 1156 2376 hiare
1187 2335 1286 2394 nequo

162 2419 401 2495 interpolationis
429 2419 630 2496 suspicionem
658 2399 816 2496 praebere3
847 2437 945 2496 neque
968 2437 1040 2478 vero
1068 2424 1187 2495 podiam
1209 2419 1286 2478 vitu·

163 2521 327 2598 perandum
343 2539 419 2596 esse,
441 2520 532 2599 quod,
555 2521 696 2599 quoniam
718 2540 777 2581 nou
794 2541 893 2597 unam,
915 2521 967 2582 sed
984 2527 1046 2582 tres
1060 2521 1286 2599 etiohomythiae

163 2653 208 2663 -
228 2621 307 2684 inter
323 2622 458 2684 Orestem
482 2628 512 2684 et
531 2641 641 2700 senem,
663 2625 742 2684 iuter
758 2641 859 2684 senem
880 2629 910 2684 et
924 2625 1084 2702 Eiectum,
1106 2623 1184 2684 iuter
1200 2624 1285 2684 Eleo·

162 2729 236 2784 tram
265 2731 295 2786 at
316 2726 454 2788 Orestem
476 2755 519 2766 -
541 2727 718 2799 habeamus,
752 2747 830 2798 „non
857 2745 961 2788 omnes
989 2727 1026 2787 ad
1057 2746 1149 2788 unum
1178 2745 1286 2786 versus

162 2829 294 2904 singulos
317 2848 351 2889 se
375 2829 559 2906 excipientes
582 2829 698 2908 feeerit,
721 2829 773 2890 sed
795 2830 869 2890 fines
886 2829 1115 2906 etiohomythiae
1139 2831 1286 2906 euinsque

163 2929 204 3002 (v.
225 2935 287 2991 650
309 2935 339 2990 et
362 2928 437 3003 670)
459 2932 536 2992 binis
556 2933 704 2992 oontiunis
719 2932 856 2992 versibus
880 2937 984 2992 notare
1007 2933 1144 3008 voluerit,
1167 2937 1201 2991 ut
1222 2933 1284 2991 ani·

161 3033 217 3092 mis
239 3036 441 3109 spectatorum
464 3033 502 3094 ad
526 3035 602 3095 bene
624 3035 723 3094 omnia
744 3035 939 3112 percipienda
961 3033 1180 3094 snoenrreret¹⁴

244 3215 401 3298 986qu
425 3217 481 3281 καὶ
497 3187 590 3284 δεινὰ
606 3211 718 3302 δράσω
734 3206 773 3301 γ’·
796 3216 825 3280 εἰ
847 3221 943 3295 θεοῖς
963 3217 1056 3282 δοκεῖ
1074 3207 1164 3295 τάδε,
1188 3211 1284 3282 dorm.

246 3343 372 3402 Weiiius
395 3343 571 3420 particulam
589 3337 627 3402 δέ
641 3345 774 3416 inseruit,
797 3347 830 3404 ut
851 3342 929 3403 hano
944 3342 1177 3404 enuntiationem
1199 3361 1284 3420 prae-

160 3445 279 3505 eedenti
303 3447 415 3506 aretine
438 3447 650 3524 coniungeret:
681 3435 806 3522 δράσω·
835 3442 945 3505 θεοῖσι
973 3429 1002 3504 d'
1022 3438 1051 3504 εἰ
1073 3440 1167 3504 δοκεῖ
1193 3433 1283 3518 τάδε,

161 3537 255 3606 ἔστω.
301 3549 416 3609 Tamen
443 3569 501 3608 non
526 3549 715 3610 scribendum
739 3553 820 3627 erat;
850 3567 917 3608 nam
947 3548 1056 3626 optime
1078 3547 1200 3609 Orestes
1230 3548 1285 3607 hoo

160 3651 225 3710 iooo
249 3651 335 3728 quasi
353 3669 460 3712 novam
478 3651 632 3712 exorditur
648 3651 821 3711 orationem.
858 3651 1051 3728 Singularnm
1068 3651 1284 3709 sententiarum

160 3774 326 3815 connexum
351 3773 417 3815 oum
434 3753 563 3830 Reiskio‚
584 3755 729 3834 suniero,
750 3753 938 3816 Kirehhoido
960 3753 1002 3814 ita
1024 3732 1293 3813 statuere'mallmr’

160 3863 192 3918 ut
216 3859 307 3918 verba
329 3852 358 3916 εἰ
380 3857 477 3930 θεοῖς
497 3853 593 3918 δοκεῖ
609 3847 688 3917 τάδε
711 3861 824 3938 primae
840 3857 984 3918 orationis
999 3855 1065 3915 finis
1089 3850 1164 3928 siut,¹
1180 3856 1284 3932 sequa-

160 3969 209 4021 tur
230 3959 400 4021 affirmandi
424 3980 515 4022 eausa
539 3962 660 4022 verbum
685 3951 781 4022 έοτοο.
825 3959 912 4036 Quod
935 3963 1032 4019 antem
1057 3959 1221 4035 Oamperus
1244 3931 1294 4017 dit*

161 4063 209 4138 eit,
232 4063 325 4124 verba
349 4057 377 4121 εἰ
392 4063 486 4136 θεοῖς
502 4057 595 4123 δοκεῖ
608 4053 687 4122 τάδε
710 4065 748 4124 ad
771 4065 873 4144 priora
895 4058 999 4124 referri
1016 4081 1075 4122 non
1093 4060 1192 4140 posse',
1214 4062 1291 4140 quia'

163 4167 260 4242 ipsum
277 4165 401 4226 verbnm
418 4157 503 4226 έοτοο
525 4173 585 4227 tum
602 4165 712 4226 nudius
728 4171 794 4242 stet,
815 4163 904 4226 huius
921 4149 994 4226 usus¹
1013 4163 1093 4240 apud
1111 4159 1284 4242 Euripidem

164 4269 301 4346 exempla
324 4269 495 4350 saepissime
519 4269 604 4332 nobis
626 4264 798 4330 oeourrnn't.

750 4382 754 4392 .
850 4362 994 4412 q,..=..
1052 4372 1068 4392 ,ι
1190 4361 1231 4392 ..“

1097 4411 1133 4468 fl*
