3040 4832
1272 341 1312 403 85

187 523 335 594 timentur,
362 518 610 596 circumscripsit,
637 518 736 595 pergit
759 518 804 578 vir
826 517 947 578 doctus:
986 518 1123 589 ,Faustin
1146 516 1192 576 his
1214 517 1312 577 verhis

185 624 314 703 prolatis
336 622 401 698 (int.
419 617 490 683 πᾶν
504 623 661 698 κρεῑοοον
676 604 759 690 ὥςτε
773 609 818 698 μὴ
834 603 965 697 ’χχελᾶν
979 603 1116 696 Βάκχας
1131 611 1217 697 ἐμοί)
1240 619 1312 697 quid

186 728 289 805 aptius
311 743 401 806 qnam
424 729 458 786 ut
473 707 492 782 ὁ
507 717 604 800 ξένος
625 741 662 784 ea
676 726 857 800 prosecutus
879 721 977 782 statim
994 741 1097 800 regem
1117 721 1312 800 adloquatur:

187 833 320 909 ,cenum
341 829 433 907 igitur
455 832 540 888 tuum
557 824 712 888 consilium
735 829 790 902 ost,
813 829 847 886 ut
868 825 921 886 tali
938 829 1113 886 ornamento
1135 825 1261 886 indutus
1282 825 1313 886 in

188 932 398 994 Cithaeronem
413 933 544 992 montem
568 945 683 988 mecum
706 920 888 990 ascendasi‘
926 927 993 1002 Qua
1007 927 1243 1005 interrogatione
1262 947 1314 988 au·

188 1033 255 1095 dita
276 1035 429 1096 Pentheus
457 1033 539 1092 oiare
562 1029 681 1092 demum
705 1030 907 1108 perspiciens,
935 1031 1007 1110 quid
1027 1031 1093 1092 istis
1115 1031 1215 1092 verbis
1242 1049 1313 1110 pro·
1436 1095 1438 1100 ,

188 1139 310 1217 miserit,
331 1136 530 1198 labefactatur
553 1137 583 1195 ct
604 1135 635 1194 in
658 1133 750 1193 dubia
771 1135 900 1212 pristina
922 1134 1051 1196 reiectus
1074 1151 1105 1194 sa
1128 1133 1248 1196 domum
1269 1135 1314 1196 in-

187 1245 272 1300 trare
300 1245 331 1302 et
358 1258 420 1300 rem
443 1237 544 1298 acrius
571 1235 758 1314 perpendere
780 1237 860 1297 velie
888 1235 973 1309 dicit,
1002 1222 1118 1296 ἐλθών
1143 1229 1177 1308 ἐς
1198 1231 1314 1308 οἴκους

190 1327 235 1402 άν
257 1336 341 1422 δοκῇ
362 1329 593 1418 βουλεύσομαι.
637 1337 685 1400 Sic
708 1340 807 1400 omnia
829 1343 911 1400 recte
934 1357 966 1400 se
989 1339 1109 1400 hahent.
1146 1341 1313 1401 Pentheum

189 1445 387 1507 haesitantem
410 1447 515 1522 aperte
531 1440 695 1504 ostendunt
716 1445 746 1502 et
761 1461 788 1502 v.
804 1439 939 1520 835sq.‘
965 1439 1058 1520 (apud
1080 1442 1170 1504 Dind.
1185 1445 1313 1522 uterq.)

190 1550 232 1608 At
257 1547 310 1607 tali
337 1547 446 1608 Bacchi
477 1545 715 1622 interrogatione
746 1543 863 1604 minime
892 1563 969 1622 opus
999 1549 1053 1608 est.
1101 1546 1208 1607 Verbis
1236 1548 1313 1607 enim

189 1637 305 1710 ἐλθών
321 1643 355 1722 ἐς
370 1642 486 1722 οἴκους
497 1667 562 1726 sqq.
577 1667 630 1708 rex
646 1665 706 1708 nou
723 1666 755 1708 se
772 1647 1005 1708 deliberaturum
1022 1667 1088 1708 esse
1111 1649 1192 1726 dicit,
1215 1653 1314 1710 utrum

190 1755 219 1814 iu
243 1759 371 1815 montem
395 1773 462 1813 enm
479 1757 625 1830 sequatur·
647 1769 753 1829 necne,
775 1753 862 1811 immo
886 1770 1003 1829 semper
1025 1757 1140 1812 certum
1162 1773 1198 1813 ac
1214 1754 1314 1814 decre-

190 1861 253 1916 tum
270 1857 296 1917 ei
313 1856 370 1915 init
385 1855 423 1915 ad
439 1855 568 1916 bacchas
580 1854 786 1916 observandas
802 1854 950 1934 proficisci
966 1848 1018 1934 (cf.
1032 1873 1092 1916 vss.
1105 1860 1166 1918 811
1183 1861 1213 1916 et
1225 1849 1314 1935 820);

191 1959 248 2019 hoc
264 1961 381 2018 tantum
398 1956 552 2034 dubitavit,
575 1963 674 2018 utrum
698 1975 821 2018 revera
844 1959 1007 2030 cautiones,
1031 1959 1141 2036 quihus
1164 1960 1208 2018 uti
1230 1942 1314 2035 ὀξέ-

190 2077 250 2132 νος
272 2065 417 2136 suaserat,
441 2078 542 2121 omnes
564 2059 731 2139 adhiberer,
754 2079 791 2119 an
814 2059 873 2120 alio
897 2059 996 2136 modo,
1019 2063 1123 2139 utpote
1145 2059 1241 2121 virum
1265 2060 1315 2122 de-

192 2167 282 2238 ceret,
305 2162 440 2243 pericula
463 2181 572 2224 cauere
588 2167 699 2242 posset
742 2162 906 2236 Arverna,
930 2181 1008 2240 quac
1031 2163 1169 2224 Bacchus
1189 2182 1312 2242 respon·

191 2267 252 2328 det:
278 2256 396 2344 ἔξεστι·
427 2255 540 2346 πάντη
563 2255 604 2326 τό
627 2249 657 2345 γ’
673 2249 754 2344 ἐμὸν
777 2249 935 2344 εὐτρεπὲς
956 2251 1062 2345 τιάρα,
1090 2267 1258 2344 postulant,
1280 2274 1313 2329 nt

191 2370 289 2431 denuo
312 2389 379 2432 eum
401 2369 440 2432 do
455 2371 580 2432 consilio
595 2370 687 2432 eundi
702 2369 840 2432 dubitare
855 2369 1034 2431 credamus?
1063 2371 1192 2430 hiiuime.
1229 2371 1314 2450 „Age

191 2477 222 2534 te
243 2474 439 2552 praepares“,
461 2475 504 2536 ait
525 2473 609 2548 deus,
633 2491 836 2552 „quacunque
859 2473 975 2534 ratione
998 2473 1052 2534 tibi
1074 2475 1228 2546 convenit;
1255 2493 1312 2552 ego

191 2576 229 2635 ah
251 2577 331 2638 omni
353 2581 439 2654 parte
460 2575 611 2656 paratus.“

276 2680 481 2757 symmetriam
505 2683 605 2740 autem
628 2677 887 2758 stichomythicam
915 2683 1033 2758 poetam
1056 2680 1240 2758 deseruisse,
1267 2682 1314 2742 vir

193 2781 301 2844 doctus
322 2783 381 2844 iam
404 2783 560 2846 Schoenon
583 2783 741 2860 concessit,
765 2787 797 2844 ut
819 2783 848 2842 in
869 2782 929 2844 finc
944 2783 1056 2862 dialogi
1078 2783 1164 2844 aliam
1179 2789 1315 2862 poneret,

190 2886 276 2946 coins
302 2886 379 2954 natio
407 2889 486 2946 esset
511 2889 661 2946 1:2-
686 2885 839 2946 Part-iouia
865 2883 997 2962 deniqne
1024 2885 1229 2960 adversativa,
1255 2904 1314 2962 qna

122 2973 1125 3066 Nmmfflmmmmmm

275 3149 398 3236 Iphig.
420 3147 528 3217 'daun
549 3147 695 3234 38sqq.:

344 3265 524 3354 θελουγὰρ
540 3261 640 3348 ὄντος
661 3275 724 3338 τοῦ
743 3265 851 3356 νόμου
873 3270 929 3336 καὶ
951 3270 1033 3356 πρὶν
1048 3265 1154 3352 πόλει,

344 3367 381 3450 ὃς
404 3363 448 3438 άν
470 3372 619 3459 κατέλθῃ
640 3365 741 3463 τήνδε
762 3378 824 3462 γῆν
840 3367 960 3462 Ἕλλην
983 3365 1078 3461 ἀνήρ,

343 3465 549 3561 κατάρχομαι
570 3477 642 3563 μέν,
665 3469 789 3563 σφάγια
811 3467 846 3542 δ’
862 3469 1013 3544 ἄλλοισιν
1034 3476 1135 3563 μέλει.

276 3603 379 3666 Codex
399 3603 566 3681 epraeter
587 3623 678 3667 versu
702 3607 743 3668 38
770 3593 848 3664 θύω
874 3623 929 3682 pro
952 3597 1067 3678 θείου,
1093 3602 1174 3682 quod
1198 3604 1222 3662 si
1245 3621 1312 3662 cum

190 3707 379 3770 Kirchhoiiio
401 3707 580 3784 accipimus,
608 3707 776 3786 asyndeton
800 3705 991 3767 statuendum
1015 3711 1068 3767 cst
1111 3707 1219 3784 Neque
1241 3723 1313 3766 vero

193 3807 297 3870 dubito
324 3810 398 3891 quin
421 3811 535 3872 rectius
556 3811 602 3882 sit,
626 3809 708 3889 quod
731 3810 859 3887 legimns
882 3809 911 3870 in
936 3807 1045 3870 cod.P
1065 3827 1084 3870 a
1106 3825 1196 3870 manu
1218 3807 1315 3886 prima

191 3915 371 3990 correctum,
392 3907 506 3985 dsiom
529 3931 597 3974 narn
621 3917 683 3972 tum
699 3913 798 3973 omnia
817 3912 894 3972 hene
909 3927 943 3972 se
957 3911 1082 3990 hahent;
1106 3912 1198 3972 uerbo
1213 3913 1311 3970 antem

191 3999 270 4070 θύω
284 4017 411 4091 accepto
426 4020 496 4092 post
511 3999 718 4092 κατάρχομαι
740 4015 840 4092 potius
861 4013 1035 4091 particulam
1050 4007 1087 4092 χέ
1104 4017 1314 4091 exspectamus

192 4115 431 4194 restringentsm,
453 4118 594 4196 quoniam
618 4115 675 4176 hoo
697 4118 726 4178 in
742 4117 793 4178 ilio
817 4115 996 4179 continetur.
1040 4117 1168 4196 Kvipaia
1190 4113 1312 4195 quidem

191 4205 293 4276 θύειν
315 4215 464 4294 recipiens
486 4217 547 4281 dno
563 4219 717 4282 enuntiata
735 4219 898 4280 contrahit:
921 4219 1001 4298 quod
1024 4217 1111 4296 idem,
1133 4219 1187 4279 nisi
1211 4219 1240 4278 in
1264 4235 1311 4278 co·

195 4315 271 4378 diois
287 4319 438 4396 scriptura
453 4321 625 4398 acquiescis,
641 4319 721 4382 haud
737 4321 938 4398 spernendum
955 4325 1012 4398 cst,
1032 4325 1064 4382 at
1078 4317 1151 4382 iilud
1166 4317 1313 4397 praefero.
