3040 4832
180 345 218 448 m

263 564 365 623 Pauca
387 563 439 622 illa
461 564 614 656 asyndeta¹
631 563 824 645 disiunctiva,
847 585 925 644 quae
948 565 1038 644 capiti
1060 563 1192 626 secundo
1215 565 1297 624 attri-
1370 637 1373 646 Δ

178 664 298 724 buenda
314 670 392 742 sunt,
415 683 450 726 eo
467 665 686 741 discernuntur,
709 669 789 745 quod
805 669 932 746 plurima
951 670 980 728 in
998 673 1126 746 utraque
1142 668 1299 745 sententia,

62 845 64 850 Ι
173 770 237 847 tria
259 770 288 828 in
312 770 478 846 posteriore
501 771 577 842 sola,
600 787 691 830 unum
715 772 744 830 in
767 773 868 849 priore
890 772 954 833 sola
976 773 1219 850 interrogationis
1240 772 1298 831 lor·

180 889 255 930 mam
279 871 432 949 praebent.

265 974 313 1034 Ad
329 979 421 1052 caput
435 976 564 1050 tertium,
587 993 645 1053 quo
662 978 854 1037 continentur
869 975 1016 1054 asyndeta
1031 976 1232 1052 adversativa,
1254 995 1301 1037 ao·

181 1077 297 1138 cedenti
320 1079 439 1137 maximi
463 1078 534 1138 mihi
557 1079 697 1139 momenti
717 1079 876 1140 videbatur
899 1081 1060 1158 respicere,
1081 1083 1180 1140 utrum
1206 1081 1301 1138 altera

181 1181 269 1239 buius
291 1180 404 1256 figurae
426 1182 575 1241 sententia
597 1182 684 1241 alteri
710 1182 885 1259 simpliciter
912 1184 1052 1260 opposita
1074 1186 1170 1260 esset,
1200 1183 1242 1241 ita
1269 1187 1302 1242 ut

182 1285 219 1343 ad
235 1283 403 1360 asyndeton
420 1284 579 1344 delendum
603 1286 677 1344 nihil
700 1286 755 1345 nisi
772 1286 920 1363 particula
935 1286 1126 1346 adversativa
1140 1283 1301 1345 inserenda

182 1391 269 1459 esset,
292 1405 329 1446 an
346 1383 441 1447 altera
456 1388 605 1447 sententia
628 1406 687 1448 nou
703 1389 760 1466 ipsi
777 1391 932 1450 enuntiato
948 1390 1033 1450 alteri
1057 1390 1109 1450 sed
1127 1388 1301 1466 cogitationi

183 1490 299 1550 cuidam
328 1490 515 1566 supplendae
546 1492 728 1550 contrarium
755 1491 877 1552 diceret.
922 1493 1034 1552 Prioris
1062 1498 1160 1552 autem
1190 1492 1302 1552 ordinis

176 1599 213 1668 'et
236 1612 271 1653 ea
295 1593 431 1670 exempla
454 1595 617 1671 composui,
639 1595 689 1654 ubi
710 1599 838 1671 utraque
861 1596 1009 1655 sententia
1032 1596 1119 1655 modo
1141 1594 1318 1654 indicativo·

184 1699 337 1756 enuntiata
360 1701 418 1773 est,
440 1700 470 1756 ct
493 1714 536 1768 ea,
559 1697 608 1756 ubi
632 1698 758 1757 alterum
782 1699 894 1757 iussum
918 1699 1005 1759 alteri
1028 1698 1198 1775 oppositum
1222 1697 1302 1757 vide·

184 1816 258 1860 mus.
303 1799 434 1859 Alterius
452 1805 551 1858 autem
568 1799 681 1860 ordinis
700 1799 855 1877 asyndeta,
879 1815 959 1878 quae
981 1802 1067 1861 nobis
1089 1802 1304 1861 sententiarum

184 1902 310 1962 formam
334 1902 560 1979 respicientibus
583 1903 740 1980 plurimam
762 1904 936 1963 varietatem
961 1905 1117 1981 praebent,
1139 1903 1204 1963 lore
1227 1902 1306 1979 cogi·

186 2006 302 2080 tabam,
332 2011 366 2064 ut
387 2012 449 2065 tum
473 2007 583 2083 optime
607 2005 829 2083 digererentur,
860 2025 926 2066 cum
952 2008 1036 2084 prius
1059 2013 1174 2067 tantum
1202 2006 1307 2065 unius·

187 2110 333 2186 cuiusque
356 2109 693 2186 exemplienuntiatum
722 2113 902 2188 spectarcm;
931 2111 1033 2186 itaque
1062 2111 1150 2169 etiam
1174 2109 1222 2167 bic
1245 2114 1307 2168 tres

186 2216 301 2272 tantum
325 2217 426 2289 partes
448 2212 599 2288 invenies,
621 2215 712 2289 prout
734 2215 881 2272 sententia
904 2214 987 2290 prior
1010 2218 1062 2273 aut
1084 2212 1172 2272 modo
1196 2209 1308 2270 indica-

186 2318 258 2392 tivo,
281 2317 329 2374 cui
350 2316 414 2391 pari
438 2316 468 2374 vi
491 2319 537 2375 est
559 2316 711 2392 optativus
733 2317 913 2393 potentialis,
936 2323 988 2376 aut
1010 2317 1098 2376 modo
1120 2315 1308 2393 imperativo,

189 2437 289 2495 aquo
313 2419 521 2477 coniunctivus
543 2418 750 2479 adhortativus
778 2437 837 2478 non
862 2419 965 2496 distat,
992 2426 1044 2480 aut
1064 2418 1310 2495 interrogationis

189 2519 285 2580 torma
307 2519 468 2597 profertur.
613 2514 615 2519 ’

276 2643 311 2701 ln
334 2642 436 2718 primis
457 2641 530 2717 illis,
557 2641 726 2718 dequibus
754 2641 829 2713 dixi,
857 2642 1017 2718 exemplis,
1047 2642 1076 2700 id
1108 2641 1188 2718 quod
1212 2642 1309 2700 statim

191 2745 248 2805 hoc
271 2745 336 2804 loco
360 2744 471 2805 addere
495 2744 565 2803 mibi
588 2744 683 2821 liceat,
705 2746 855 2822 oppositio
878 2745 975 2819 logica
997 2750 1137 2820 exparte
1160 2745 1234 2803 lraec
1257 2749 1310 2815 est,

192 2855 226 2908 ut
247 2848 448 2924 subsequente
464 2847 551 2906 modo
567 2847 732 2907 indicativo
749 2846 905 2906 dicendum
923 2849 973 2906 sit:
996 2846 1064 2906 dico
1087 2864 1108 2906 s.
1125 2846 1214 2906 video
1237 2845 1311 2905 illud

180 2939 222 3024 ¹(i.
239 2969 263 3010 c.
284 2951 364 3028 quod
388 2952 558 3011 continetur
580 2952 610 3009 in
633 2950 781 3010 sententia
803 2947 923 3026 priore),
946 2950 998 3010 sed
1023 2948 1101 3009 addo
1125 2968 1150 3010 e.
1166 2969 1194 3027 q.
1210 2966 1245 3025 s,
1271 2949 1313 3008 ita

194 3058 227 3114 ut
249 3051 383 3113 videmus
405 3053 499 3112 Andr.
516 3055 665 3129 170sqq.:

433 3186 466 3262 ἐς
485 3188 589 3250 τοῦτο
614 3175 644 3252 d’
658 3176 747 3270 ἥκεις
770 3174 925 3269 ἀμαθίας,
949 3179 1091 3270 δύστηνε
1111 3180 1161 3278 σι’),

347 3283 369 3372 ἢ
392 3289 488 3354 παιδὶ
509 3279 651 3372 πατρὸς,
676 3279 712 3366 ὃς
735 3284 797 3354 σὸν
819 3282 943 3353 ὤλεσεν
966 3283 1069 3354 πόσιν

349 3394 477 3480 τολμᾷς
498 3386 672 3473 gavelona
693 3391 750 3456 καί
772 3381 861 3456 τέκν’
877 3381 1049 3456 αὐθέντου
1070 3385 1163 3474 τιάρα

348 3495 484 3559 τίκτειν.
518 3495 680 3558 τοιοῦτον
701 3495 773 3558 πᾶν
794 3488 835 3558 τὸ
858 3486 1030 3577 βάρβαρον
1051 3491 1156 3576 γένος.

198 3642 254 3702 Ubi
284 3639 429 3716 asyndeto
452 3638 567 3698 sublato
596 3638 760 3730 sententias
784 3636 876 3696 habes
899 3635 1066 3713 oppositas:
1097 3631 1183 3692 video
1206 3637 1235 3690 te
1258 3635 1316 3690 tam

198 3746 366 3804 dementem
381 3760 455 3818 csse,
478 3747 512 3801 ut
527 3740 639 3802 audeas
659 3759 684 3800 e.
700 3760 728 3817 q.
744 3757 776 3817 s.,
798 3738 851 3799 sed
867 3740 955 3800 etlam
973 3737 1063 3812 addo:
1094 3735 1169 3807 ,hoc
1184 3733 1316 3794 omnium

199 3848 395 3907 barbarorum
419 3844 491 3905 est.“

285 3970 377 4031 Simili
398 3971 515 4031 ratione
538 3967 632 4028 utaris
658 3969 804 4043 sequente
827 3963 915 4024 modo
937 3961 1128 4038 imperativo,
1158 3959 1214 4018 nisi
1237 3957 1319 4035 quod

200 4095 254 4153 pro
279 4077 376 4136 verbis
402 4073 473 4148 ,sed
501 4072 597 4132 addo“
629 4071 771 4148 suppleas
795 4069 865 4141 „sed
894 4064 999 4128 iubeol
1029 4065 1078 4124 vel
1105 4063 1165 4123 tale
1193 4062 1320 4140 aliquid3

201 4178 238 4238 ci.
258 4179 351 4239 Andr.
367 4181 495 4254 458sq.:
521 4173 587 4235 νῦν
611 4167 646 4235 δὲ
667 4159 676 4233 ’.
701 4219 708 4232 .
733 4219 740 4232 .
766 4219 772 4231 .
796 4165 937 4242 κτείνεις
957 4153 1003 4247 μ’·
1030 4151 1217 4240 ἀπόκτεινε,
1241 4181 1321 4226 nuno

201 4287 231 4342 tc
269 4281 339 4340 mihi
377 4285 501 4342 mortem
539 4280 713 4340 afferentem
750 4276 880 4357 aspicio,
917 4272 968 4335 sed
1008 4271 1096 4334 iubeo
1134 4273 1164 4334 te
1202 4269 1321 4332 caedem
1364 4351 1371 4360 ⁸

201 4387 310 4447 iacere.
