3040 4832
255 343 320 435 'to

365 558 520 626 Alcestis
543 557 623 625 287:
653 552 716 624 οὐκ
738 549 887 645 ἠθέλησα
910 551 972 642 ζῆν
995 544 1256 624 ἀποσπασθεῖσα
1278 575 1348 624 ooo.

365 687 557 746 Hermannus
579 687 657 744 hanc
676 684 848 760 periodum:
870 673 1010 764 θνῄσκω
1026 715 1067 724 -
1081 674 1195 763 παρόν
1208 701 1265 762 μοι
1280 670 1324 764 μὴ
1339 683 1399 742 θα-

281 793 353 847 νεῖν
374 781 460 867 ὑπὲρ
483 781 584 848 σέθεν
608 815 649 830 —-
675 771 748 846 ἀλλ’
773 773 880 865 ἄνδρα
902 804 938 846 τε
960 786 1050 865 σχεῖν
1073 834 1080 848 .
1105 832 1112 846 .
1137 833 1143 846 .
1167 772 1232 846 ov’x
1254 771 1400 868 ἠθέλησα

275 879 341 969 ῑζῆν
362 910 400 952 ex
422 892 458 950 iis
481 908 546 951 csse
568 890 677 966 uoluit,
705 909 783 967 quae
806 890 954 966 duplicem
978 889 1123 968 epodosiu
1147 890 1301 963 haberent
1324 893 1401 950 sicut

279 994 369 1071 Soph.
398 995 467 1053 Ant.
496 996 567 1056 691.
620 994 727 1070 Neque
762 992 849 1052 aliter
883 993 1056 1053 Diodorfius
1091 994 1238 1071 cogitasse
1273 994 1399 1054 videtur.

280 1095 485 1156 Kircluhoffius
508 1095 606 1156 verbis
623 1077 687 1154 ccix
702 1079 851 1174 ἠθέλησα
874 1096 1040 1155 sententiae
1060 1096 1152 1173 plane
1167 1114 1265 1156 novae
1288 1097 1398 1156 initium

278 1198 342 1258 fieri
364 1199 481 1274 putavit
507 1202 576 1276 post
597 1190 773 1275 τυραννίδι
799 1198 921 1274 gravius
948 1199 1174 1275 interpungcns.
1217 1197 1276 1258 Sed
1300 1217 1399 1276 quam·
1498 1249 1499 1266 ,

279 1319 399 1378 cunque
415 1302 560 1361 rationem
576 1301 634 1360 loci
649 1300 773 1360 sanandi
789 1301 845 1360 viri
862 1300 1024 1360 doctissimi
1040 1301 1180 1372 inierunt,
1203 1301 1399 1362 Holthoclero

277 1405 423 1476 assentio,
459 1422 613 1480 nunquam
644 1403 700 1461 nisi
732 1403 829 1463 cultro
860 1403 966 1462 critico
998 1403 1129 1463 adhibito
1162 1404 1319 1464 lectionem
1351 1423 1399 1480 ge-

277 1507 398 1566 nuinam
434 1505 551 1565 restitui
591 1505 756 1564 arbitranti.
811 1505 987 1582 Hartungus
1021 1490 1126 1579 κούκ,
1162 1507 1289 1566 Kvicala
1324 1491 1400 1565 οὐδ’

278 1610 473 1688 scripserunt.

364 1710 452 1786 Quod
475 1714 574 1770 autem
599 1709 814 1770 Holthoeferus
836 1711 932 1770 locum
950 1715 1084 1770 nostrum
1107 1711 1184 1772 adeo
1206 1713 1346 1790 resecuit,
1367 1718 1400 1772 ut

280 1813 318 1874 de
341 1813 501 1875 Alcestidis
523 1813 665 1873 orationis
686 1812 771 1872 initio
793 1813 870 1873 haec
892 1817 1007 1873 tantum
1031 1813 1122 1874 verba
1144 1818 1268 1875 restent:

312 1966 361 2016 280
394 1934 531 2030 ’'toppo’,
555 1932 629 2028 ὁρῶ
651 1938 714 2028 γὰρ
737 1935 827 2028 τάμὰ
846 1935 1017 2030 πράγμαθ’
1033 1933 1079 2022 ως
1102 1941 1166 2030 ἔχει

312 2068 361 2118 284
388 2045 454 2133 ἐγώ
467 2041 579 2132 παρόν
593 2069 650 2130 μοι
664 2040 708 2132 μή
725 2051 845 2111 θανεῖν
865 2036 950 2131 ὑπὲρ
967 2047 1068 2112 σέθεν
1085 2099 1092 2112 .
1110 2099 1117 2112 .
1135 2099 1141 2111 .
1158 2038 1221 2112 οὐκ
1235 2038 1397 2135 ἠθέλησα,

277 2195 374 2254 miuus
396 2193 464 2252 mihi
488 2192 643 2270 probatur,
666 2209 844 2269 quamquam
866 2191 1000 2251 concedo
1023 2209 1129 2252 versus
1145 2193 1206 2253 282
1216 2209 1260 2268 sq.
1283 2193 1398 2270 spurios

278 2313 342 2356 csse
364 2294 524 2374 putandos,
547 2295 682 2371 quumvis
698 2312 808 2370 magua
824 2312 916 2372 opera
938 2293 1071 2354 adhibita
1086 2295 1125 2352 sit
1146 2293 1183 2352 ud
1201 2311 1252 2354 eos
1269 2294 1398 2354 retinen·

277 2397 340 2459 dos.
384 2399 460 2458 Nam
484 2400 517 2456 ut
539 2415 598 2456 non
623 2396 727 2472 dicam,
749 2397 839 2456 etiam
856 2395 962 2458 deletis
978 2396 1025 2456 his
1040 2396 1178 2456 versibus
1200 2413 1320 2456 versum
1338 2399 1396 2458 281

276 2517 335 2560 non
359 2498 559 2560 amovendum
582 2499 609 2557 ei
632 2497 733 2572 luisse,
756 2499 826 2575 quia
848 2499 970 2558 verbum
992 2497 1113 2556 θανεῖν
1136 2498 1218 2558 etin
1241 2517 1268 2557 v.
1286 2501 1346 2560 281
1370 2503 1399 2558 et

275 2603 305 2662 in
327 2621 355 2660 v.
376 2606 439 2664 284
465 2601 495 2661 in
519 2601 622 2660 cadem
645 2602 771 2662 trimetri
794 2601 865 2661 sede
893 2606 1039 2673 exstaret,
1069 2603 1190 2661 omniuo
1217 2620 1277 2662 non
1301 2602 1398 2678 video,

276 2722 354 2782 quae
376 2705 476 2764 attulit
498 2704 586 2763 ctiam
609 2703 639 2762 in
663 2705 756 2763 verbo
779 2692 919 2782 θνῄσκω
941 2701 981 2776 (v.
1002 2701 1077 2776 284)
1104 2704 1326 2780 interpolatoris
1349 2723 1397 2764 vc·

275 2809 365 2886 stigia
386 2807 479 2868 latere
504 2807 776 2867 demonstraturus:
813 2808 907 2879 „Nam
932 2808 1030 2884 quivis
1053 2807 1148 2868 lector
1171 2807 1301 2884 diligens
1328 2809 1397 2868 mihi

275 2911 404 2971 libenter
420 2910 568 2971 concedet
591 2914 643 2970 aut
663 2911 790 2989 primum
805 2911 928 2970 verbum
946 2899 1087 2988 θνῄσκω
1109 2915 1160 2969 aut
1183 2911 1308 2971 alterum
1333 2894 1396 2968 οὐκ

274 2997 425 3094 ἠθέλησα
447 3009 509 3092 ζῆν
531 3013 635 3073 inutile
659 3019 688 3074 et
711 3014 865 3074 molestum
889 3015 950 3090 aut,
973 3017 1005 3072 ut
1027 3014 1140 3073 rectius
1163 3013 1268 3091 dicam,
1291 3013 1396 3073 falsum

275 3133 340 3176 csse
355 3160 363 3176 .
378 3160 385 3176 .
400 3160 431 3176 ..
454 3119 499 3177 lta
521 3133 594 3194 crgo
617 3115 744 3176 fortasse
766 3116 968 3176 restituendus
991 3119 1038 3174 est
1060 3117 1210 3192 genuinus
1226 3117 1396 3193 Euripides,

274 3225 309 3278 ut
330 3219 435 3278 deletis
457 3237 505 3277 vv.
521 3222 582 3279 282
599 3222 629 3277 et
644 3222 706 3280 283
729 3237 785 3295 pro
801 3207 943 3297 θνήσκω
964 3219 1128 3278 scribamus
1150 3207 1244 3296 iycu'f‘
1285 3219 1396 3278 Verum

274 3322 396 3398 optima,
423 3322 452 3380 ni
474 3321 576 3397 fallor,
604 3320 732 3380 Alcestis
755 3339 934 3398 quamquam
958 3322 1073 3380 verbis:
1107 3315 1199 3396 λέξαι
1225 3314 1320 3378 θέλω
1342 3332 1395 3380 σοι

273 3417 357 3501 πρὶν
377 3420 498 3480 θανεῖν
521 3406 542 3480 ἃ
563 3411 726 3500 βούλομαι
749 3440 781 3481 so
804 3441 869 3482 esse
893 3424 1066 3482 morituram
1090 3425 1147 3483 iam
1171 3423 1329 3501 indicavit,
1352 3425 1394 3484 in-

274 3525 358 3603 cipit:
380 3511 532 3604 θνὴσκω,
556 3525 657 3586 idest:
680 3530 794 3584 certum
815 3543 850 3584 uc
867 3525 1019 3585 decretum
1043 3526 1112 3584 mihi
1136 3529 1182 3586 est
1203 3525 1291 3595 mori;
1314 3526 1396 3603 quod

273 3633 371 3688 autem
394 3628 496 3704 paullo
519 3627 597 3688 inira
619 3627 728 3686 adiecit
749 3627 852 3686 verbs:
884 3611 949 3685 oc'x
970 3611 1121 3708 ἠθέλησα
1144 3624 1207 3704 ζῆν
1228 3671 1235 3684 .
1259 3671 1266 3684 .
1292 3671 1298 3684 .
1323 3612 1396 3687 οὐδ’

273 3719 453 3810 ἐφεισάμην
470 3775 476 3789 .
494 3775 501 3788 .
519 3775 541 3803 .,
564 3731 639 3790 haec
653 3761 696 3770 -
711 3731 814 3790 aoristi
831 3735 965 3808 tempore
985 3732 1103 3806 prolata
1116 3760 1158 3770 -
1173 3729 1294 3806 singula
1310 3732 1395 3807 quasi

273 3835 416 3910 temporis
452 3837 600 3894 momenta
637 3834 721 3894 nobis
758 3833 946 3912 significant,
983 3835 1092 3910 quibus
1128 3837 1254 3909 proptor
1289 3851 1396 3894 causas

272 3939 374 3998 nescio
404 3955 480 4014 quas
512 3937 583 3997 illud
615 3938 771 3998 consilium
803 3937 927 4015 exsequi
959 3936 1060 3998 denuo
1090 3937 1224 3996 cunctari
1256 3940 1396 4013 potnerit.

273 4039 379 4117 Itaque
406 4043 476 4117 post
497 4027 637 4120 θνῄσκω
666 4040 789 4116 gravius
812 4040 900 4098 velim
923 4040 1133 4115 interpungus‚
1163 4043 1197 4098 ut
1218 4040 1312 4100 verba
1333 4057 1395 4098 αα-

273 4131 336 4222 ρόν
351 4158 408 4220 μοι
419 4161 494 4220 sqq,
517 4143 625 4219 quibus
641 4161 748 4203 causae
763 4143 841 4221 illac,
861 4141 1023 4218 dequibus
1039 4141 1108 4219 dixi,
1127 4142 1305 4216 iudicantur,
1327 4163 1393 4204 cum

272 4245 368 4306 hisce:
390 4230 453 4303 οὐκ
475 4233 624 4326 ἠθέλησα
646 4242 708 4324 ζῆν
732 4291 738 4304 .
762 4291 769 4304 .
795 4290 802 4304 .
827 4247 1001 4320 coniungas.
1044 4246 1151 4323 Neque
1173 4247 1393 4323 neglegendum

272 4353 325 4424 cst,
349 4348 414 4407 voci
429 4335 571 4425 θνήσκω
586 4366 640 4425 pcr
655 4365 687 4408 se
703 4349 818 4424 positae
833 4348 892 4406 vim
909 4346 1002 4406 multo
1018 4348 1159 4409 maiorem
1175 4349 1283 4427 inesse,
1304 4367 1392 4428 quarn
