3040 4832
176 373 296 455 rr'

174 573 354 646 commotus,
382 585 471 646 quam
496 565 554 627 dixi
585 567 621 628 de
645 567 799 646 asyndetis
824 568 1027 632 adversativis.
1048 603 1091 614 -
1112 571 1225 633 Prioris
1248 593 1294 632 ra·

172 671 262 732 tionis
285 689 382 731 novae
405 675 507 748 partes
529 669 595 730 fieri
619 690 678 730 non
704 676 838 748 possunt,
861 692 927 732 cum
951 675 1049 733 omnia
1071 675 1210 750 exempla
1231 675 1296 750 pari

101 757 103 764 ’
172 775 259 835 modo
283 779 397 834 structa
412 775 479 851 sint,
502 774 626 834 alterius
642 773 755 835 ordinis
771 775 918 852 asyndeta
934 777 1075 854 digeram,
1099 781 1132 836 ut
1147 783 1193 837 est
1212 776 1294 854 prior

171 879 320 938 sententia
336 877 471 937 formata.
516 878 710 954 Interpretari
735 881 832 936 autem
857 879 942 937 simili
958 879 1044 938 modo
1068 879 1211 940 debemus
1234 899 1293 956 quo

170 983 201 1040 in
224 998 334 1056 genere
357 979 556 1038 adversativo.

185 1176 188 1182 Ι
256 1100 411 1177 Asyndeta
441 1100 621 1177 explicativa
650 1101 715 1160 iure
747 1101 931 1162 Seemanuus
961 1104 1090 1179 primum
1121 1123 1157 1163 ea
1187 1105 1293 1176 attulit,
1369 1122 1373 1128 ’

171 1205 221 1265 ubi
250 1205 329 1281 quod
361 1204 508 1264 sententia
534 1205 634 1280 priore
666 1203 762 1263 minus
794 1203 924 1264 dilucide
955 1210 1044 1282 poeta
1074 1206 1210 1266 elocutus
1232 1197 1294 1286 est,

170 1309 264 1368 altera
287 1307 378 1366 multo
401 1306 570 1365 accuratius
593 1305 768 1382 explicatur,
790 1312 851 1366 tum
869 1308 929 1385 illa,
952 1310 1003 1367 ubi
1026 1328 1116 1368 unum
1133 1310 1293 1386 praecipue

169 1410 291 1470 verbum
315 1409 466 1470 sententia
488 1409 690 1484 subsequente
714 1415 804 1485 po'eta
826 1411 957 1486 respicit.
1001 1411 1116 1488 Sequar
1138 1413 1229 1490 igitur
1253 1413 1293 1471 ri-

169 1531 235 1572 rum
258 1512 392 1582 doctum,
422 1509 475 1570 sed
500 1511 554 1587 ita,
586 1515 619 1569 ut
646 1508 745 1570 denuo
773 1513 988 1571 sententiarum
1017 1513 1127 1572 formas
1155 1533 1214 1574 nou
1243 1533 1292 1574 ne·

169 1617 296 1694 glegam.

254 1719 300 1778 De
323 1717 427 1794 quinio
457 1715 587 1792 denique
611 1715 722 1792 capite,
752 1715 833 1792 quod
860 1717 1007 1791 asyndeta
1035 1723 1066 1777 et
1092 1717 1291 1791 consecutiva,

169 1840 246 1898 quae
262 1821 383 1898 proprie
399 1819 548 1893 dicuntur,
571 1824 600 1878 et
616 1819 864 1895 comprehensiva
886 1821 1108 1895 complectetur,
1132 1821 1206 1880 haec
1228 1826 1292 1880 tan·

168 1931 231 1984 tum
253 1923 464 2000 praemiserim.
508 1921 592 1990 Illius
615 1922 733 1999 generis
756 1921 892 1998 exempla
915 1923 1020 1982 eodem
1044 1923 1132 1983 modo
1156 1941 1216 2002 quo
1240 1943 1288 2002 ge·

169 2027 249 2087 neris
272 2025 402 2086 causalis
430 2023 575 2100 dividam,
605 2024 850 2101 comprehensiva
873 2029 971 2084 autem
1001 2025 1141 2102 digerens
1168 2026 1292 2087 formam

169 2130 336 2189 sententiae
358 2127 534 2204 posterioris
556 2127 721 2204 respiciam,
745 2127 786 2185 ita
808 2131 841 2185 ut
863 2127 894 2186 in
917 2127 1041 2204 reliquis
1057 2128 1203 2204 capitibus
1226 2147 1291 2188 sen·

168 2232 280 2292 tentiae
307 2231 426 2308 prioris.
470 2230 536 2303 Qua
563 2228 661 2306 figura
691 2230 833 2305 qnoniam
864 2230 1032 2306 complures
1064 2232 1292 2307 enuntiationes,

169 2353 246 2411 quae
268 2335 348 2392 inter
370 2351 402 2392 se
426 2338 479 2392 aut
501 2351 589 2408 pares
612 2338 665 2392 aut
686 2332 823 2406 diversae
846 2349 912 2392 esse
934 2338 1073 2410 possunt,
1097 2334 1290 2410 comprehen-

169 2436 292 2514 duntur,
314 2440 440 2511 apparet
462 2453 550 2494 unam
566 2436 660 2511 ipsam
678 2436 854 2495 sententiam
871 2436 1148 2512 comprehensivum
1164 2437 1291 2497 alicuius

169 2539 310 2598 momenti
333 2555 406 2598 esse.
451 2537 636 2600 Seemannus
660 2542 740 2596 recte
756 2537 887 2614 quidem,
910 2557 987 2614 quae
1011 2538 1061 2596 alii
1084 2540 1120 2598 de
1142 2540 1290 2614 asyndeto

169 2641 404 2702 demonstrativo
421 2640 581 2700 statuendo
596 2641 789 2717 scripserunt,
812 2639 930 2714 reiecit,
953 2641 1006 2699 sed
1022 2640 1103 2716 quod
1119 2643 1184 2719 ipse
1199 2643 1291 2702 intro·

169 2744 256 2804 duxit
278 2744 450 2819 discrimen,
479 2742 606 2818 primurn
630 2760 665 2802 ea
687 2741 835 2817 asyndeta
857 2759 1053 2817 componens,
1083 2743 1133 2802 nbi
1159 2741 1291 2820 ,qnaeli

168 2848 226 2906 iam
249 2847 419 2906 accuratius
442 2845 605 2904 effusiusve
628 2845 800 2915 dictasunt,
822 2844 930 2903 iterum
947 2844 1078 2904 breviter
1094 2847 1291 2921 pronuntian-

58 3015 61 3021 ,
168 2954 218 3010 tur
240 2950 289 3008 vel
312 2953 413 3028 partes
442 2949 485 3007 rei
514 2947 667 3008 cuiusdam
698 2950 761 3008 tota
787 2964 837 3023 re,
866 2946 982 3023 speeies
1008 2948 1149 3008 universo
1179 2967 1290 3025 genere

169 3048 494 3130 comprehenduntnr“,
523 3055 586 3110 tum
614 3067 650 3110 ea
680 3051 826 3126 afferens,
855 3047 906 3108 ubi
936 3043 1203 3128 „antecedentia²)
1232 3069 1291 3110 nna

168 3152 242 3215 voce
271 3151 596 3230 comprehenduntn1·“,
626 3153 757 3230 probare
787 3170 913 3229 nequeo.
957 3153 1054 3214 Unam
1083 3153 1160 3212 onim
1186 3171 1290 3214 vocem

169 3257 464 3334 comprehensivam,
494 3256 532 3316 de
554 3275 616 3332 qua
644 3255 715 3314 dicit
738 3256 784 3314 vir
806 3255 928 3328 doctus,
958 3257 988 3314 in
1016 3256 1291 3332 utriusquepartis

169 3360 314 3436 exemplis
344 3359 485 3437 legimus,
521 3375 597 3434 quae
627 3363 725 3417 autem
756 3357 915 3434 praeponit
946 3358 1045 3418 verbis
1075 3357 1163 3418 modo
1194 3358 1290 3418 allatis

173 3481 286 3540 ,aeque
313 3468 402 3538 atque
425 3479 486 3520 una
507 3479 567 3520 vox
590 3461 786 3537 sequentihus
809 3459 978 3536 explicatur
1006 3460 1054 3519 vel
1076 3459 1180 3520 eadem
1203 3462 1289 3536 quasi

168 3563 350 3643 antecepit‘,
371 3565 407 3624 iis
431 3562 535 3624 eodem
558 3563 623 3622 iure
646 3563 675 3620 in
699 3565 786 3638 parte
802 3561 901 3638 priore
925 3560 1095 3621 delinienda
1119 3561 1162 3620 uti
1185 3563 1290 3638 potnit

169 3670 276 3746 Neque
299 3685 376 3744 quse
399 3665 514 3725 addidit
536 3664 606 3724 huic
620 3665 758 3742 exemplo
768 3660 809 3736 a);
832 3662 865 3725 0.
883 3663 914 3725 (l.
929 3666 992 3725 480
1014 3657 1078 3721 τοῦ
1093 3651 1194 3722 τόνδε
1209 3652 1290 3743 πλή-

108 3799 111 3808 ·
169 3781 228 3842 σας
249 3765 321 3839 θῶ;
352 3761 485 3827 δίδασκε
507 3760 564 3825 καὶ
585 3751 680 3838 τόδε,
711 3766 818 3826 verba:
859 3765 994 3839 ,Quodsi
1020 3770 1201 3842 transponas
1229 3765 1289 3825 duo

170 3875 243 3932 haec
260 3871 423 3947 enuntiata,
446 3871 540 3930 simile
562 3868 637 3929 illud
660 3886 755 3944 genus
774 3868 910 3946 asyndeti
934 3868 1063 3927 causalis
1087 3873 1134 3927 est
1156 3871 1290 3927 statuen-

169 3975 248 4052 dum,
270 3991 329 4051 quo
354 3972 551 4032 differentiam
574 3971 679 4031 horum
702 3971 916 4046 asyndetorum
943 3970 982 4029 ab
1005 3970 1064 4029 illis
1092 3984 1288 4045 cognoscas„

169 4077 288 4150 signum
316 4078 461 4150 afferunt,
498 4076 637 4152 quoniam
668 4092 859 4160 nequaquam
889 4073 918 4132 in
950 4073 1029 4133 omni
1059 4072 1148 4132 huius
1177 4073 1289 4133 ordinis

170 4178 307 4252 exemplo
331 4178 390 4238 dno
413 4179 569 4238 enuntiata
591 4195 692 4255 parem
716 4177 974 4254 transpositionem
997 4175 1166 4236 admittunt.

169 4301 220 4308 -—-.
229 4305 255 4310 .--

254 4371 422 4437 Umffi
577 4376 745 4446 ηψπ
900 4375 1066 4443 hm&
