3040 4832
203 381 222 443 6

203 557 324 616 natione
340 556 413 616 nihil
429 559 712 629 commemoraverit,
736 574 790 616 ιιιο
805 557 870 616 iure
886 557 996 617 dixisse
1016 559 1072 618 sibi
1087 559 1219 620 videtur:
1246 559 1322 632 „vim

203 659 341 738 asyndeti
364 677 429 720 esse
453 677 525 720 vere
542 678 683 736 meroque
705 660 894 732 rhetoricam,
917 662 1094 737 praesertim
1118 681 1184 722 cum
1208 662 1264 722 hac
1287 681 1324 722 ex

204 781 236 821 re
260 761 417 822 discrimen
440 764 502 840 peti
524 764 619 839 possit
641 764 845 822 internorum
868 763 1046 841 falsumque,
1070 765 1150 841 quod
1173 767 1324 843 posterius

203 864 255 924 illa
270 866 299 924 vi
315 863 422 925 caret.“
463 864 521 924 Sed
539 884 719 942 quamquam
737 865 878 943 concedo,
900 871 982 926 recte
998 867 1130 927 locutum
1147 886 1212 928 esse
1227 869 1324 928 virum

203 967 338 1027 doctum:
365 986 450 1040 ,oum
471 970 499 1028 iu
517 969 635 1046 vulgari
652 985 789 1028 sermone
812 969 967 1045 particulis
990 969 1139 1029 iudicibus
1162 971 1230 1029 talis
1257 989 1325 1046 pro-

203 1088 324 1146 gressus
347 1075 377 1130 et
399 1072 437 1131 sit
459 1076 489 1131 et
504 1072 689 1155 postuletur,
712 1075 745 1131 ut
769 1072 918 1148 quomodo
941 1091 978 1133 ex
994 1073 1090 1133 altero
1114 1073 1238 1133 alterum
1256 1091 1325 1132 con·

203 1179 346 1251 sequatur
372 1175 502 1253 eluceat,
533 1176 649 1236 omissis
679 1194 746 1236 oum
774 1176 837 1237 tolli
869 1195 965 1254 paene
996 1195 1032 1236 ac
1061 1177 1158 1254 rumpi
1186 1175 1325 1235 videatur

203 1279 299 1338 omnis
321 1295 435 1350 nexus,
466 1280 640 1338 attentiores
670 1297 726 1339 nos
757 1279 829 1339 lacit
858 1281 988 1356 scriptor
1019 1279 1057 1338 ad
1089 1278 1324 1355 investigandam

203 1388 302 1441 veram
314 1382 552 1441 coniunctionem
568 1383 739 1458 retinetque
756 1382 974 1459 quodammodo
989 1384 1187 1459 cogitationes
1200 1386 1326 1457 nostras,

204 1502 241 1542 ue
264 1501 342 1559 quae
366 1501 473 1559 urgere
495 1483 623 1542 voluerit
644 1483 715 1558 ipse,
739 1501 793 1542 uos
816 1484 1020 1542 transiliamus
1042 1482 1201 1560 legendo“,
1224 1489 1323 1542 tamen

204 1587 325 1664 erravit,
346 1585 492 1663 asyndeto
515 1584 605 1662 quale
621 1589 667 1645 est
681 1585 763 1663 apud
779 1585 910 1646 Graecos
933 1585 1057 1645 eandem
1074 1587 1134 1644 vim
1151 1585 1326 1662 attribuens,

205 1693 294 1764 atque
318 1686 406 1746 hodie
429 1688 456 1746 ei
479 1686 666 1747 adscribitur.

289 1791 329 1848 At
352 1789 514 1849 rectissime
539 1785 757 1866 Bromigius2),
788 1789 840 1864 qui
863 1792 968 1849 contra
999 1789 1089 1849 hosce
1114 1790 1196 1849 viros
1221 1788 1326 1850 doctos

205 1911 242 1953 ex
265 1893 336 1969 ipsis
358 1893 492 1952 veterum
517 1893 779 1967 grammaticorum
795 1892 982 1969 testimoniis,
1005 1909 1082 1968 quae
1106 1895 1255 1968 quotquot
1277 1910 1327 1951 ex·

205 2000 294 2073 stant,
317 2012 431 2055 summo
455 2013 545 2072 opere
570 1994 702 2072 collegit,
731 1997 765 2053 ut
787 2011 933 2070 quosnam
955 1995 1036 2054 locos
1060 1995 1103 2054 illi
1132 1997 1188 2054 hoc
1211 1995 1327 2072 figurae

205 2097 323 2158 nomine
355 2097 502 2174 complexi
532 2100 649 2173 esseut,
679 2099 893 2174 cognosceret,
922 2097 1002 2156 hauc
1030 2095 1094 2156 fere
1125 2095 1326 2156 definitionem

204 2180 324 2278 prodire
340 2199 426 2260 dicit:
452 2189 516 2272 ,Td
534 2183 717 2258 ἀσύνδετον
731 2195 838 2277 σχῆμα
861 2197 923 2274 (vel
939 2187 1088 2269 διάλυσις
1105 2197 1328 2276 apilerodian.

204 2306 267 2364 1.ο.
293 2323 359 2380 pag.
383 2307 444 2364 603
472 2307 502 2362 et
530 2303 899 2380 Rut.Lup.l.c.I,15;
927 2302 1098 2380 dissolutio,
1127 2303 1255 2362 solutum
1279 2321 1328 2379 ap.

205 2408 305 2484 Aquil.
326 2409 423 2483 Rom.;
455 2405 633 2465 inconnexio
661 2424 708 2483 ap.
729 2403 890 2478 Rufinian.)
919 2407 1067 2478 nascitur,
1095 2407 1268 2483 ubicunque
1296 2396 1328 2463 oi

206 2498 384 2586 σύνδεσμοι
411 2505 662 2582 (coniunctiones)
689 2509 865 2567 omittuntur
896 2509 959 2568 sive
989 2507 1176 2568 demuntur.“
1231 2505 1329 2584 „Slc“,

206 2613 313 2688 pergit,
339 2611 478 2682 ,Aristot
496 2593 571 2680 edct'
586 2599 645 2666 ἐὰν
661 2601 816 2686 ἐξαιρεθῇ
832 2593 850 2666 ὁ
866 2599 1049 2687 σύνδεσμος
1071 2608 1154 2682 κτλ,
1177 2611 1328 2670 Plutarch.

206 2709 400 2793 συνδέσμων
415 2706 658 2793 ἐξαιρεθέντων
680 2711 764 2786 κτλ,
792 2713 896 2773 Theou
921 2697 1005 2772 ὅταν
1023 2700 1104 2784 τούς
1126 2707 1330 2786 συνδέοντας

206 2807 270 2897 τὴν
285 2801 409 2895 φράσιν
424 2809 629 2893 συνδέσμους
650 2810 923 2894 παραλείπωμεν,
948 2816 1007 2876 Cic.
1025 2822 1100 2876 orat.
1120 2817 1138 2876 l.
1154 2836 1179 2877 c.
1202 2817 1329 2893 demptis

208 2920 485 2997 coniunctionibus,
515 2925 594 2979 auct.
617 2919 655 2979 ad
678 2920 810 2978 Hereun.
839 2919 1098 2979 coniunctionibus
1125 2919 1284 2979 verborum
1313 2937 1329 2978 e

207 3024 304 3085 medio
327 3020 478 3083 sublatis.“
526 3021 610 3097 Quae
633 3021 673 3082 ad
695 3022 788 3081 verba
811 3021 989 3099 explicanda
1015 3022 1128 3099 optimo
1152 3023 1216 3082 iure
1246 3021 1329 3081 addi·

209 3127 288 3187 disse
311 3145 378 3186 eum
401 3125 551 3185 videmus:
586 3124 760 3195 „ludicatur
787 3129 885 3184 autem
913 3124 1012 3184 verbis
1040 3115 1193 3204 ἐξαιρεῖν,
1223 3140 1329 3202 παρα-

209 3226 346 3302 λείπειν,
371 3230 490 3289 demere
513 3228 622 3288 talibus
645 3228 718 3288 locis
740 3229 894 3304 perleges
914 3230 1122 3303 grammaticas
1146 3227 1327 3289 coniunctio·

208 3353 261 3398 nes
283 3351 372 3410 posse
394 3330 512 3392 inseri.“
559 3333 666 3408 Itaque
690 3331 728 3390 ad
743 3331 882 3407 asyndeti
899 3330 1025 3408 figuram
1041 3331 1230 3391 statuendam
1253 3345 1327 3386 aem·

208 3456 263 3516 per
286 3437 507 3497 enuntiatorum
530 3435 674 3495 rationem
691 3435 912 3510 grammaticam
937 3435 1086 3511 respicere
1107 3432 1256 3508 debemus,
1278 3447 1328 3490 ne·

209 3559 268 3617 que
291 3557 362 3600 vero
386 3539 549 3616 quidquam
572 3537 662 3598 aliud.

293 3641 430 3702 Excessit
453 3659 523 3701 vero
552 3640 671 3701 modum
694 3633 954 3716 Gollwitnerus2),
986 3640 1037 3716 qni
1061 3636 1242 3712 Bromigium
1272 3635 1331 3695 hoc

209 3746 393 3823 potissimum
416 3747 549 3814 secutus,
578 3747 610 3802 ut
632 3759 734 3802 omues
757 3742 787 3800 in
810 3740 952 3801 diverbiis
976 3742 1074 3814 locos,
1105 3739 1214 3816 quibua
1237 3739 1330 3816 parti·

210 3849 278 3909 cula
300 3846 453 3908 interduo
469 3847 624 3906 enuntiata
647 3846 754 3906 omissa
769 3848 822 3922 est,
846 3845 974 3918 afferret,
996 3843 1068 3919 quin
1085 3841 1171 3902 eliam
1188 3859 1223 3901 ea
1238 3859 1331 3918 asyn-

210 3952 279 4012 deta
294 3949 440 4026 tractavit,
466 3966 562 4026 „quae
578 3947 695 4009 actione
712 3947 814 4023 aliqua
830 3947 966 4006 scaenica
981 3943 1162 4021 efficiuntur,
1184 3948 1218 4003 ut
1233 3963 1330 4022 paene

213 4057 412 4068 ...——-.-

300 4115 322 4182 ¹)
336 4113 381 4167 o.
403 4111 524 4180 Bromig.
559 4112 602 4165 De
629 4111 758 4182 asyndeti
785 4115 885 4164 natura
912 4113 940 4162 et
966 4107 1040 4176 apud
1066 4103 1240 4178 Aeschylum
1267 4125 1330 4163 usu.

210 4201 335 4256 llliueter
354 4202 427 4254 1879.
450 4213 477 4265 p.
491 4203 515 4251 7.

298 4286 321 4350 ¹)
347 4281 398 4338 Th.
416 4281 584 4336 Gollwitcer.
618 4280 661 4337 De
684 4279 830 4352 asyndetie
854 4276 1035 4354 Aeschylcis.
1072 4275 1148 4336 Acta
1172 4293 1240 4336 sem.
1264 4277 1332 4372 phil.

211 4371 322 4444 Eulaug.
347 4366 456 4426 v01.11.
477 4372 547 4425 1881.
