3040 4832
273 351 314 412 64

360 541 387 584 c.
426 525 666 586 Ennntiatum
703 527 1043 604 comprehensivum
1081 529 1397 606 interrogationis

266 626 418 687 formam
441 628 607 704 praebet.

352 748 417 808 Alo.
433 749 508 810 858:
539 742 589 818 τίς
611 743 713 808 τοῦδε
734 746 868 826 μᾶλλον
886 747 1063 808 Θεσσαλῶν
1086 741 1282 827 φιλόξενος;
1319 756 1396 814 943:

267 855 330 908 ποῖ
351 843 519 928 τρέψομαι
525 847 568 926 ;¹)

287 983 293 996 ·
351 953 464 1014 Phoen.
482 957 578 1015 1620:
600 943 729 1026 πόθεν;
742 949 776 1013 cl
790 940 823 1032 μ’
837 941 941 1036 ἄρδην
957 938 1016 1014 ὧδ’
1029 940 1249 1028 ἀποκτείνεις,
1266 950 1378 1035 Κρέον
1384 975 1396 1029 ;
1499 1047 1500 1050 ¹

355 1057 459 1134 Suppl.
475 1060 550 1117 441:
574 1051 607 1113 τί
629 1046 764 1116 τούτων
787 1042 852 1116 ἐστ’
869 1049 1038 1135 ἰσαίτερον
1060 1047 1174 1130 πόλου

352 1161 440 1219 Herc.
455 1158 514 1218 fur.
530 1163 604 1221 630:
630 1141 689 1218 ὧδ’
705 1145 792 1238 ἔβητ’
808 1153 863 1219 ἐπὶ
885 1157 992 1237 ξυροῦ
997 1179 1007 1230 ;

349 1263 459 1322 Bacch.
475 1266 549 1324 246:
570 1251 671 1322 ταῦτ’
686 1248 761 1342 οὐχὶ
784 1257 894 1342 δεινῆς
918 1249 1058 1342 ἀγχόνης
1080 1252 1215 1338 ἒπάξια;

351 1365 415 1442 lph.
430 1366 498 1425 Anl.
516 1369 611 1427 1194:
639 1356 731 1424 ταῦτ’
750 1345 852 1444 ἦλθες
874 1351 938 1445 ἥδη
962 1354 1017 1423 διὰ
1040 1351 1171 1443 λόγων;

350 1470 469 1545 Fragm.
485 1473 621 1540 362,17ε
643 1457 787 1540 τούτους
807 1463 880 1539 πῶς
904 1462 1098 1547 διαφθεῖραί
1118 1485 1158 1552 με
1179 1459 1241 1547 χρή
1266 1515 1273 1526 .
1298 1515 1305 1528 .
1331 1516 1338 1530 .
1364 1491 1388 1542 .;
1499 1501 1500 1562 3

239 1664 243 1672 “
350 1657 448 1733 Haeo,
475 1659 618 1733 quantum
641 1656 746 1735 video,
774 1658 989 1718 sententiarum
1014 1657 1161 1736 asyndeta
1182 1659 1214 1718 in
1236 1659 1391 1736 Euripidis
1499 1661 1500 1698 l

265 1759 434 1820 fabularum
462 1759 605 1819 diverbiis
635 1760 722 1820 nobis
750 1764 922 1820 occurrunt.
970 1759 1074 1836 Longe
1102 1761 1230 1838 plurima
1260 1763 1391 1822 causalia

265 1866 348 1936 sunt;
371 1863 401 1921 in
424 1861 533 1939 quibus
548 1862 620 1938 ipsis
642 1879 677 1920 ea
692 1863 878 1939 praevalent,
901 1881 1028 1940 quorum
1045 1863 1140 1922 altera
1156 1864 1306 1923 sententia
1328 1883 1392 1924 uon

265 1965 324 2041 ipsi
340 1963 443 2042 priori,
467 1963 521 2024 sed
543 1964 717 2040 cogitationi
732 1965 820 2026 alicui
844 1983 881 2024 ex
897 1964 948 2024 illa
963 1965 1124 2024 sumendae
1148 1983 1239 2025 eausa
1261 1966 1389 2026 affertur
1499 1961 1500 2026 ἶ

268 2068 357 2143 Quod
372 2069 479 2128 mirum
495 2087 555 2128 non
571 2072 630 2144 est,
653 2086 720 2127 nam
743 2069 769 2128 is
792 2068 844 2145 qni
866 2069 1000 2145 loquitur
1022 2069 1168 2130 sententia
1182 2069 1284 2145 priore
1299 2087 1392 2130 enun-
1499 2091 1500 2120 l

264 2172 338 2230 tiata
365 2173 429 2230 sive
451 2171 552 2231 verbis
580 2171 642 2230 sive
665 2172 781 2231 actione
808 2167 986 2248 responderi
1015 2171 1070 2230 sibi
1099 2174 1258 2248 postquam
1281 2170 1394 2232 frustra

267 2273 462 2350 exspectavit,
485 2273 585 2333 verbis
604 2273 662 2334 illis
685 2275 824 2334 maiorem
840 2274 898 2332 vim
922 2273 1034 2333 addere
1056 2273 1159 2334 studet
1181 2291 1300 2344 cansam
1323 2276 1393 2334 affe·

264 2393 344 2451 reus,
366 2393 420 2435 cur
443 2394 479 2436 ea
501 2375 624 2446 dixerit3
647 2375 677 2435 id
700 2376 782 2453 quod
804 2375 869 2438 fiori
892 2380 991 2454 potest
1012 2377 1161 2454 particula
1179 2365 1242 2454 γάρ
1264 2381 1318 2437 aut
1340 2377 1392 2436 ad=
1499 2413 1500 2434 t

265 2478 360 2538 hibita
382 2482 435 2538 aut
456 2479 573 2555 emissa,
596 2477 773 2556 plerumque
795 2482 896 2540 autem
918 2477 951 2539 lit
973 2496 1009 2540 ea
1032 2478 1150 2540 omissa.

355 2579 530 2658 Sequuntur
552 2580 700 2656 asyndeta
723 2583 904 2659 copulativa,
927 2600 1056 2658 quorum
1071 2581 1176 2642 eadem
1193 2599 1264 2659 pars
1286 2583 1392 2660 generi

269 2684 483 2756 enumerativo,
506 2674 609 2744 eadem
635 2683 698 2744 lere
720 2685 945 2762 augmentative
969 2684 1152 2762 assignanda
1167 2689 1239 2746 erat.
1283 2686 1391 2762 Neque
1499 2745 1500 2776 ,

266 2803 340 2846 rere
371 2787 542 2863 negaverim
573 2785 661 2847 facile
690 2785 739 2846 alii
769 2787 857 2847 aliam
889 2788 994 2847 horum
1025 2805 1215 2848 numerorum
1245 2787 1391 2848 rationem
1499 2793 1500 2862 1

266 2888 457 2951 statuendam
494 2906 584 2967 posse
620 2889 733 2969 videri,
769 2890 933 2968 respiciens
971 2907 1060 2967 quam
1096 2889 1262 2968 paullulum
1300 2908 1392 2970 saepe

265 2992 412 3070 asyndeta
434 2993 659 3070 augmentative
680 2993 822 3054 differant
845 2994 883 3054 ab
898 2993 1094 3070 explicatius,
1116 2993 1158 3054 ita
1180 2997 1213 3054 ut
1235 2993 1392 3072 permultis
1499 3067 1500 3072 γ

265 3094 340 3154 locis
361 3094 412 3154 vix
439 3093 667 3174 intellegamus,
696 3099 796 3156 utrum
819 3095 1021 3174 augmentatio
1051 3113 1090 3155 an
1113 3097 1275 3173 explicatio
1303 3115 1390 3173 prae·
1499 3117 1500 3200 p

266 3200 373 3260 valeat.
417 3199 696 3278 Quomodocunque
719 3205 817 3261 autem
846 3217 895 3262 res
918 3218 950 3260 ee
973 3200 1077 3278 babet,
1105 3201 1278 3277 saepissime
1301 3200 1390 3260 etiam

267 3302 324 3362 hae
347 3301 486 3380 asyndeti
511 3302 606 3364 forma
628 3307 718 3381 poeta
740 3321 812 3364 usus
833 3305 887 3364 est

351 3404 446 3464 Multo
468 3405 526 3464 iam
549 3405 660 3465 cedunt
682 3405 830 3481 asyndeta
853 3405 1061 3479 consecutiva3
1089 3405 1168 3466 duae
1190 3409 1290 3465 autem
1314 3423 1391 3481 quas
1499 3463 1500 3488 ζ

266 3507 452 3568 distinximus
482 3509 570 3568 huius
602 3509 721 3586 generis
751 3511 870 3587 partes,
909 3508 984 3570 tales
1015 3510 1217 3586 exemplorum
1248 3525 1391 3570 numeros
1499 3501 1500 3562 Ῐ

265 3611 420 3687 praebent,
442 3615 476 3670 ut
497 3611 575 3671 alter
597 3611 691 3690 duple
715 3612 808 3672 maier
830 3613 869 3672 sit
891 3611 995 3672 altero.

351 3713 415 3774 Illis
438 3713 560 3792 deinde,
587 3733 666 3792 quae
691 3715 812 3792 proprie
835 3713 978 3775 dicuutur
1004 3712 1211 3789 consecutiva,
1236 3711 1389 3787 asyndetis
1499 3737 1500 3780 l

266 3833 321 3892 pre
344 3833 468 3876 numero
491 3815 554 3877 fere
576 3818 662 3895 paria
683 3821 754 3878 sunt
775 3817 895 3894 gen'eris
917 3816 1098 3877 adversativi
1122 3813 1267 3891 exempla.

351 3918 477 3980 Generis
504 3919 634 3998 denique
660 3920 832 3982 disiunctivi
859 3925 919 3984 tam
946 3938 1044 3998 pauca
1069 3917 1216 3994 asyndeta
1243 3922 1328 3996 sunt,
1355 3925 1388 3980 ut

267 4023 349 4084 nullo
372 4021 460 4084 mode
483 4041 550 4083 eum
572 4024 698 4084 aliorum
721 4025 850 4104 capitum
874 4024 1005 4084 numeris
1029 4021 1197 4098 comparari
1219 4021 1344 4099 possint

353 4167 529 4241 qdpffl
