3040 4832
213 308 254 368 76

212 483 270 542 illis
293 500 454 558 summum,
482 482 511 540 ni
537 481 639 555 fallor,
665 481 887 542 attribuendum
911 485 970 559 ost,
997 483 1037 542 ita
1060 486 1094 542 ut
1116 471 1235 542 θάσσω
1258 483 1338 543 idem

214 589 304 663 atque
326 579 461 645 ‘adsum’
485 583 638 661 significet.

213 733 280 800 595
294 751 362 817 sq.:
390 732 521 798 ἐκεῖνον
541 723 673 818 ἡγεῖσθ’
689 724 830 799 ἀνόσιον
850 735 907 798 καὶ
930 735 1085 814 κτείνετε,

389 835 515 914 ἐκεῖνος
530 826 660 920 ἥμαρτ’,
681 827 744 901 οὐκ
760 833 839 922 ἐγώ·
863 838 895 902 τί
909 839 994 922 χρῆν
1011 861 1050 922 με
1066 838 1168 923 dudm

299 980 366 1040 Nisi
390 981 524 1042 Orestem
548 985 739 1041 accusatores
754 981 791 1040 ad
808 981 968 1042 absurdum
986 981 1095 1042 ducere
1110 982 1244 1042 voluisse
1268 1001 1339 1042 cum

215 1085 320 1144 Weilio
344 1088 496 1162 putamus,
519 1102 624 1144 versus
647 1085 689 1144 ita
711 1089 745 1144 ut
765 1083 867 1144 traditi
890 1089 961 1145 suot
986 1085 1122 1163 accipere
1145 1104 1204 1145 uon
1229 1105 1339 1162 possu-

214 1204 291 1265 mus;
314 1206 413 1264 neque
429 1206 501 1248 vero
525 1187 589 1247 eius
605 1187 648 1247 rei
671 1206 790 1248 causam
814 1187 909 1248 video.
954 1189 1059 1265 Itaque
1082 1187 1219 1248 Nauckio
1235 1207 1340 1249 assen-

214 1291 254 1350 tio
283 1289 440 1350 ednobus
463 1289 599 1349 versibus
628 1309 719 1349 uuum
742 1290 924 1351 restituenti:
954 1279 1084 1348 ἐκεῖνον
1111 1272 1239 1370 ἡγεῖσθ’
1260 1275 1343 1350 οἶνό-

215 1404 299 1452 οιον.
329 1387 362 1451 τί
389 1387 475 1472 χρῆν
496 1409 534 1470 με
562 1385 663 1471 δρᾶν;
701 1392 788 1466 Quod
820 1395 896 1454 enlm
928 1393 1030 1469 priora
1061 1391 1181 1453 Orestes
1211 1392 1249 1454 de
1281 1395 1343 1456 deo

214 1496 314 1571 eloqui
337 1494 435 1570 audet,
459 1493 516 1553 boc
538 1495 643 1554 mirum
660 1514 719 1554 non
736 1502 789 1556 est.
826 1495 868 1556 cf.
890 1497 954 1572 lpb.
969 1495 1061 1555 Taur.
1078 1499 1152 1556 711:
1174 1477 1260 1573 ἡμᾶς
1277 1482 1343 1556 δ’ὁ

217 1594 341 1669 Φοῖβος
362 1586 479 1674 μάντις
502 1582 552 1654 ὢν
573 1581 749 1674 ἐψεύσατο,
771 1598 824 1657 lou
847 1601 922 1660 355:
946 1581 1054 1656 ἀδικεῖ
1075 1614 1129 1656 νιν
1152 1581 1170 1658 ὁ
1195 1587 1286 1670 θεός.

216 1745 302 1812 1025
316 1763 385 1828 squ
408 1746 464 1809 καὶ
487 1747 559 1821 πῶς
583 1748 716 1823 comoed·
744 1746 866 1831 φέγγος
889 1745 1021 1830 εἰςορᾶν
1043 1749 1131 1811 θεοῦ

409 1839 482 1913 τόδ’
494 1837 690 1931 οὐκέθ’ἡμιν
704 1859 777 1925 τοῖς
792 1843 1019 1934 ταλαιπώροις
1034 1843 1145 1932 μετόν.

301 1992 492 2069 Musgravius
512 1980 615 2069 μετόν
641 2012 696 2070 pro
719 1992 828 2052 tradita
850 1993 976 2053 lectione
999 1986 1081 2070 μέτα
1109 1992 1259 2070 scribens,
1288 1997 1343 2056 alii

215 2079 287 2154 τόδ’
309 2096 338 2154 in
363 2080 414 2154 ὅτ’
438 2092 585 2155 mutantes
609 2096 778 2172 asyndeton
802 2097 857 2156 hoc
881 2096 946 2156 loco
969 2114 1124 2156 removere
1148 2095 1344 2158 studuerunt.

217 2198 350 2258 Eandem
366 2199 510 2258 rationem
528 2198 654 2257 Weilins
670 2199 735 2256 iniit
750 2180 799 2256 ὅτ’
812 2181 929 2256 οὐκέθ’
940 2199 1099 2274 accipiens,
1116 2199 1186 2275 quia
1201 2201 1231 2256 et
1247 2198 1343 2259 Grae-

216 2319 318 2360 corum
350 2317 423 2360 usus
454 2300 630 2376 particulam
659 2300 842 2361 desideraret
874 2305 904 2359 et
935 2301 1095 2360 scholiasta
1126 2299 1342 2363 coniunctione

215 2395 287 2462 ἐπεί
314 2407 458 2463 uteretur.
506 2404 546 2462 At
572 2405 751 2465 scholiastae
779 2404 879 2464 verbis
906 2403 989 2462 nullo
1018 2403 1104 2463 modo
1132 2407 1246 2462 tantum
1276 2423 1343 2465 mo-

216 2508 307 2566 menti
329 2507 472 2584 tribuam,
499 2511 591 2584 atque
614 2507 758 2567 eiusmodi
782 2509 937 2567 enuntiata
964 2507 1074 2583 optime
1103 2506 1167 2566 sine
1189 2507 1343 2584 particula

216 2613 269 2668 aut
291 2609 502 2668 coniunctione
524 2609 644 2686 apponi,
667 2608 775 2668 docent
798 2609 935 2685 exempla
958 2609 1056 2668 allata.

302 2755 407 2824 13332
441 2757 508 2834 Τὶς,·
531 2745 631 2821 οὖδὲν
654 2751 729 2822 οἶδα
750 2757 880 2840 μᾶλλον
903 2748 923 2841 ἢ
947 2751 987 2821 σύ
1009 2747 1053 2841 μὴ
1078 2755 1181 2840 λέγῃς.

302 2883 350 2946 Sic
378 2901 495 2944 versum
523 2885 669 2960 praebent
696 2883 814 2944 codices
843 2882 994 2944 Parisinus
1018 2887 1099 2944 2712
1128 2887 1157 2942 et
1185 2882 1245 2943 dno
1269 2885 1341 2946 Flo·

217 2987 343 3064 rcutini;
366 2985 510 3046 Marciani
534 2969 905 3063 t1·adunt:rig;odydo
929 3030 936 3043 .
962 3031 968 3043 .
992 3030 998 3043 .
1038 2987 1206 3062 Utrumque
1229 3004 1283 3062 per
1307 3006 1341 3048 se

218 3089 341 3165 cogitari
365 3093 471 3165 potest,
492 3103 591 3165 noque
614 3088 701 3148 facile
725 3088 962 3166 diiudicabimus‚
985 3107 1062 3164 quae
1078 3089 1228 3165 scriptura
1250 3107 1341 3166 prae-

218 3190 342 3251 ferenda
357 3192 402 3251 sit.
446 3192 532 3251 illam
547 3191 728 3268 Dindorlius,
747 3189 962 3262 Kirohbofiius,
987 3191 1064 3250 hanc
1079 3192 1241 3268 Porsonus,
1256 3193 1342 3252 Wei-

218 3295 276 3354 lius
298 3295 392 3354 secuti
414 3299 492 3354 eunt.

303 3442 441 3510 Phocn.
458 3439 539 3508 3912
567 3439 603 3507 ἓν
624 3440 685 3526 μὲν
707 3440 871 3526 μέγιστον,
895 3429 959 3506 οὐκ
982 3437 1047 3524 ἔχει
1070 3440 1267 3526 παρρησίαν.

303 3569 352 3630 Sic
375 3569 494 3630 codices
516 3574 635 3646 praeter
652 3587 743 3628 unum
759 3567 793 3646 L,
816 3569 867 3645 qui
890 3585 1071 3646 quamquam
1095 3587 1132 3628 ex
1153 3569 1342 3630 correctione

219 3674 271 3735 sed
300 3673 433 3733 eiusdem
462 3691 566 3732 manus
597 3677 626 3733 et
653 3671 756 3732 eodem
780 3675 928 3749 tempore,
958 3675 991 3731 ut
1017 3671 1156 3730 observat
1178 3671 1342 3748 Porsonus,

219 3777 344 3853 praebet
359 3765 454 3853 ἔχειν,
478 3793 576 3851 neque
593 3775 678 3834 aliter
700 3772 854 3850 Stobacus‚
877 3773 1066 3846 Plutarchus,
1088 3771 1252 3849 Musonius,
1275 3773 1341 3834 Sto·

219 3879 286 3939 baei
313 3879 413 3954 XL,9
442 3876 639 3938 tradiderunt.
690 3875 940 3947 Valckenaerius,
971 3871 1155 3948 Brunckius,
1183 3874 1341 3936 Porsonus

220 3973 316 4060 ἐ’χειν,
339 3981 421 4058 qood
436 3979 513 4040 idem
530 3979 681 4040 Arnaldus
702 3980 875 4040 coniectura
891 3982 1046 4038 assecutus
1061 3979 1114 4051 cst,
1137 3977 1340 4058 Hermanous,

220 4084 393 4145 Dindorlius
416 4073 480 4161 ἔχει
502 4087 690 4162 receperunt,
735 4081 807 4142 Mihi
830 4081 994 4142 infinitivus
1018 4078 1115 4156 aptior
1138 4081 1269 4157 videtur;
1293 4099 1341 4142 re·

221 4189 302 4266 spice
329 4189 419 4266 enim,
448 4187 530 4265 quod
558 4187 645 4246 affert
668 4184 902 4246 Valckenaerins
929 4183 968 4244 ad
996 4183 1076 4244 huuc
1103 4203 1222 4246 versum
1252 4181 1341 4256 (suae

221 4290 360 4353 editionis
383 4287 470 4363 394);
507 4289 583 4364 „Sed
610 4289 881 4365 quomodocunque
910 4287 1038 4364 legerint
1065 4287 1127 4361 alii,
1158 4290 1271 4348 certum
1295 4294 1342 4350 est

1481 485 1519 561 nb

1495 591 1504 625 r
