3040 4832
1284 405 1304 465 9

269 582 398 660 Reliqua
419 599 497 659 qnae
521 580 558 641 de
573 581 712 659 personis
728 581 802 642 alias
817 581 1042 660 excipientibus,
1066 581 1104 641 de
1120 581 1212 640 choro
1235 579 1305 640 cho·

184 703 272 763 rago,
302 683 341 746 dc
363 683 545 744 scmicboriis
571 683 650 744 inter
671 701 705 744 se
728 683 984 761 respondentibus
1007 687 1226 760 commemorat,
1254 701 1305 742 ne·

185 789 361 864 queminus
383 805 426 858 ea,
450 805 528 863 quae
551 787 588 846 de
611 805 667 848 usn
683 787 734 846 illo
749 787 905 865 translato,
927 787 977 847 nbi
1001 789 1068 864 qnis
1091 787 1214 846 alterius
1236 803 1305 863 per-

184 907 273 950 sonae
296 890 361 950 vice
383 889 515 967 iungens
543 907 643 950 secum
667 890 731 967 ipso
763 889 954 968 colloquitur,
977 889 1110 967 profert,
1139 893 1306 966 praetereo,
1431 938 1435 950 .

184 992 264 1069 qnod
287 993 336 1052 bic
358 993 459 1070 specie
482 992 541 1052 illic
563 1011 596 1053 re
611 1011 684 1052 vera
706 1011 766 1052 non
784 993 873 1053 nnius
896 993 949 1053 sed
965 993 1093 1054 duarum
1108 1009 1305 1070 personarum

184 1096 332 1156 orationes
355 1101 434 1156 sunt

267 1216 326 1280 Sed
349 1216 388 1278 ad
410 1219 534 1280 alteram
558 1217 771 1290 condicionem,
794 1218 832 1277 ad
854 1217 1022 1295 asyndeton
1039 1214 1229 1278 statuendum
1253 1233 1305 1275 ne·

183 1321 340 1381 cessariam
364 1321 533 1395 veniamus,
556 1339 635 1398 qnae
658 1325 716 1397 cst,
739 1325 772 1379 nt
795 1324 923 1398 utraque
945 1320 1091 1380 sententia
1113 1320 1178 1397 pari
1201 1319 1230 1378 vi
1253 1318 1306 1393 sit,

183 1441 271 1500 qnam
283 1422 409 1485 eandem
427 1423 608 1485 nullomodo
624 1424 775 1502 repudiari
789 1442 878 1502 posse
896 1423 1041 1485 existimo.
1071 1425 1177 1499 ltaque
1191 1422 1304 1498 optimu

182 1528 246 1586 iure
268 1527 453 1588 Seemannns
476 1528 613 1588 omuibus
636 1527 672 1587 iis
695 1527 785 1602 locis,
815 1527 864 1587 ubi
887 1527 981 1587 altera
1003 1527 1152 1587 sententia
1180 1524 1304 1584 alterius

182 1635 333 1706 tamqnam
355 1629 521 1690 subiectum
552 1635 605 1690 aut
627 1630 775 1690 obiectum
799 1629 940 1704 exsistat,
970 1629 1138 1706 asyndeton
1161 1645 1227 1688 esse
1254 1644 1304 1687 ne

182 1733 264 1810 gavit
293 1735 427 1810 exceptis
458 1753 524 1793 cum
556 1734 592 1793 iis
602 1731 644 1810 ¹),
675 1733 751 1807 ,ubi
778 1735 974 1811 sequentibus
1004 1733 1151 1793 obiectum
1182 1732 1304 1810 proprio

183 1835 311 1912 quodam
335 1838 427 1897 verbo
456 1837 520 1896 sive
547 1837 724 1914 pronomine
753 1854 805 1896 sen
834 1836 1021 1896 substantivo
1049 1853 1224 1912 expressum
1255 1853 1305 1893 ex·

182 1937 341 2016 plicatnr“,
373 1944 435 1998 tum
458 1939 493 1998 iis
515 1938 606 2012 locis,
640 1939 770 2016 „quibua
793 1938 942 1998 obiectum
971 1956 1030 1998 non
1057 1941 1160 2014 aperte
1183 1936 1303 2014 quidem

183 2037 379 2116 significatur,
402 2039 456 2100 sed
479 2041 569 2100 tacite
592 2041 621 2100 in
646 2039 894 2100 antecedentibus
916 2041 1001 2111 latet,
1033 2039 1125 2116 idque
1146 2043 1199 2099 aut
1221 2043 1305 2098 ante-

184 2143 262 2202 cedit
284 2143 433 2204 obiectum
457 2148 509 2203 aut
530 2141 751 2220 subsequitur*
798 2144 905 2220 Neque
928 2143 1086 2220 quisquam
1115 2160 1182 2201 enm
1205 2159 1305 2217 repre·

182 2243 302 2316 bendet,
324 2246 404 2322 quod
429 2245 517 2304 etiam
533 2245 703 2322 pronomini
718 2245 844 2304 relativo
867 2273 909 2284 -
932 2243 1044 2303 addere
1067 2242 1179 2320 potuit:
1202 2247 1231 2302 et
1253 2240 1305 2301 ad·

182 2347 283 2407 verbio
308 2347 433 2407 relativo
455 2378 499 2388 —
521 2353 634 2407 tantam
655 2348 713 2406 vim
737 2349 835 2407 inesse
858 2346 929 2408 dicit
951 2347 1027 2408 duas
1049 2346 1213 2407 sententiae
1236 2364 1304 2405 con·

182 2449 336 2527 iungendi,
357 2453 390 2509 ut
412 2449 591 2527 asyndeton,
612 2450 728 2509 etiamsi
751 2451 921 2510 coniunctio
945 2451 1037 2524 abest,
1059 2450 1190 2510 tollatur.

267 2569 400 2642 Deinde,
427 2589 504 2647 quae
527 2569 564 2630 de
586 2569 815 2648 parenthesibus
838 2571 1016 2648 disputavit,
1037 2571 1128 2648 plane
1151 2568 1306 2646 probanda

183 2672 254 2732 mibi
277 2671 431 2750 ridentur;
462 2673 560 2732 miuus
583 2674 750 2749 acceperim
781 2692 859 2750 quae
887 2673 925 2734 dc
948 2673 1131 2750 imperativis
1161 2677 1191 2732 et
1215 2673 1305 2731 iuter·

182 2776 389 2854 rogationibus
412 2774 589 2852 quibusdam
616 2775 748 2852 protulit.
793 2776 864 2836 lllos
894 2778 972 2837 enim
1000 2777 1193 2862 imperatiros
1223 2783 1305 2835 recte

182 2877 304 2956 quidem
334 2878 406 2937 dicit
435 2878 508 2938 nibil
539 2879 595 2938 nisi
620 2881 769 2940 notionem
794 2879 921 2956 urgendi
946 2880 994 2939 vel
1016 2879 1177 2940 l'estinandi
1208 2877 1305 2954 expri-

182 2999 279 3052 mere;
302 2987 400 3040 tamen
417 2983 526 3057 verbis,
545 3000 623 3058 qnae
639 2983 736 3054 affert,
757 2973 819 3053 ἴθι,
835 2967 902 3060 ἄγε,
918 2975 997 3060 φέρε
1019 3000 1078 3041 non
1096 2983 1194 3040 minus
1216 2998 1304 3056 quam

182 3083 403 3144 elocutionibus
423 3083 504 3144 bisce
527 3072 725 3161 σπεύδωμεν
741 3081 793 3156 (cf.
810 3085 878 3143 Eur.
891 3085 964 3144 Hec.
981 3077 1067 3162 507),
1086 3089 1225 3162 χωρεῖτε
1241 3080 1306 3156 (Or.

184 3185 279 3260 1258)
306 3186 374 3248 aliis
401 3205 484 3247 suam
507 3187 602 3264 ipsine
625 3187 708 3246 verbi
733 3189 792 3244 uim
821 3185 994 3246 abiudicare
1016 3187 1120 3246 susim.
1165 3186 1231 3260 Quo
1255 3203 1304 3244 eo·

182 3289 250 3350 dem
267 3287 355 3350 modo
378 3290 475 3350 sentio
498 3289 536 3350 de
552 3290 609 3350 illis
625 3289 919 3366 interrogationibus,
941 3306 1018 3366 quas
1041 3291 1168 3348 adiectus
1190 3293 1304 3348 tantum

182 3394 281 3468 animi,
304 3411 329 3452 e.
345 3413 373 3471 g.
389 3393 634 3470 indignationem,
649 3391 886 3464 admirationem,
902 3391 1053 3468 gandium,
1069 3391 1210 3463 dolorem,
1226 3391 1305 3451 iesti-

183 3497 332 3558 nationem
355 3496 414 3556 alia
437 3495 570 3556 indicare
594 3495 757 3568 contendit,
780 3497 902 3573 propria
925 3497 954 3554 vi
978 3512 1103 3572 prorsus
1126 3512 1229 3554 carcre
1252 3513 1305 3572 pu·

183 3603 235 3658 tat
252 3661 256 3670 ,
281 3599 356 3658 Nam
380 3617 478 3676 neque
494 3615 553 3670 eas,
577 3617 656 3675 quae
679 3616 734 3676 per
750 3616 781 3658 se
796 3599 945 3676 integram
962 3597 1140 3656 senteutiam
1162 3595 1304 3668 efficiunt,

183 3709 218 3762 nt
238 3709 309 3762 sunt
330 3695 363 3760 ut
384 3691 464 3778 φῄς
485 3694 518 3760 τί
541 3695 638 3782 δρᾷς
669 3719 768 3777 neque
791 3718 851 3776 eas,
873 3699 981 3778 quibus
1004 3703 1037 3758 ut
1060 3698 1178 3776 plenam
1202 3699 1306 3757 dictio·

183 3821 252 3864 nem
276 3803 446 3876 babeamus,
468 3809 520 3863 ant
536 3803 658 3862 verbum
674 3795 765 3861 ἐστίν
787 3783 840 3861 aut
863 3802 945 3862 aliud
964 3800 1086 3876 aliquod
1110 3819 1147 3860 ex
1171 3800 1305 3860 enuntia·

183 3903 265 3966 tione
280 3905 380 3983 priore
404 3905 600 3984 repetendum
616 3905 684 3964 addi
707 3923 784 3982 opus
800 3919 853 3976 est,
876 3923 900 3964 e.
917 3924 946 3982 g.
965 3897 998 3962 ui
1014 3898 1113 3982 δῆτα;
1134 3896 1168 3962 τί
1181 3899 1306 3981 χρῆμα,·

184 4007 260 4068 adeo
283 4008 321 4067 de
343 4027 399 4068 sna
421 4009 450 4068 vi
472 4007 598 4086 perdere
622 4007 726 4082 velim,
756 4013 789 4066 ut
812 4005 884 4066 nibil
916 4005 972 4065 nisi
996 4007 1244 4076 exclamationes,
1273 4011 1306 4064 nt

183 4111 227 4171 ita
257 4110 367 4182 dicam,
402 4130 468 4171 cnm
497 4112 533 4170 iis
568 4129 645 4188 qnae
677 4115 845 4187 sequuntur
879 4107 1107 4186 coniungendae
1138 4107 1305 4168 videantur.

184 4213 293 4288 immo,
323 4215 496 4291 ubicunqne
517 4213 564 4274 his
586 4210 766 4276 dictionibus
793 4211 889 4272 altera
911 4211 1011 4292 aliqua
1033 4209 1228 4292 iuterrogatio
1254 4229 1305 4274 arr·

272 4359 374 4466 'irs
392 4399 415 4450 ⁹·
