3040 4832
466 1329 720 1412 innotationes
747 1332 907 1412 criticae.

215 1569 321 1638 Rhoe.
338 1570 420 1636 594:
442 1572 564 1649 πιθοῦ,
586 1568 691 1636 πάλιν
713 1572 904 1657 στείχωμεν.
929 1564 966 1638 εὖ
990 1563 1020 1638 ‹5'
1035 1569 1085 1658 εἴη
1106 1567 1199 1658 τύχη.

215 1697 302 1758 Haud
335 1697 538 1775 spernendum
572 1699 641 1758 mihi
672 1698 804 1775 videtur,
839 1700 921 1775 quod
951 1701 1092 1760 Vaterum
1127 1704 1249 1760 secutus

134 1797 284 1860 Nanckius
311 1801 463 1876 proponit:
490 1785 527 1858 εὖ
557 1793 631 1879 δοίη
656 1789 749 1880 τύχη.
794 1801 871 1860 Nam
893 1808 1031 1879 apparot,
1059 1819 1115 1876 pro
1138 1801 1249 1860 vorbis:

134 1885 170 1958 εὖ
195 1887 229 1960 δ’
243 1893 292 1980 εἴη
318 1891 402 1981 τύχη
433 1902 524 1962 multo
552 1904 719 1980 elegantius
746 1903 804 1964 dici
836 1905 899 1964 sive
925 1883 963 1962 εύ
985 1897 1065 1983 Ῐδοίη
1086 1892 1170 1983 τύχη
1197 1901 1249 1976 (sc

133 1999 247 2077 ταῦτα)
275 2006 338 2065 sive
362 1990 474 2083 ἀγαθὴ
497 1996 547 2085 εἴη
569 1991 662 2084 τύχη.
708 2008 754 2066 De
781 2007 928 2084 asyndeto
955 2013 1054 2067 cutem
1082 2007 1140 2067 hoc
1162 2005 1250 2066 modo

28 2117 29 2130 ²
135 2107 236 2167 oiiccto
259 2125 332 2167 cave
355 2107 578 2168 ncoffendnris.
624 2109 728 2169 Ulixes
750 2110 844 2185 enim,
870 2109 921 2185 qui
950 2127 1011 2186 qun
1038 2110 1152 2168 ratione
1180 2108 1250 2168 Dio·

136 2209 224 2269 medis
239 2210 332 2269 rerba
346 2211 505 2287 acceperit,
529 2229 566 2270 cx
583 2211 720 2270 versibus
735 2210 884 2287 prioribus
899 2210 1107 2287 cognoscimus
1121 2241 1164 2250 -
1178 2210 1251 2270 dun·

134 2310 186 2372 bns
200 2312 484 2390 interrogationibus
508 2315 646 2390 negative
662 2313 750 2374 dictis
773 2315 829 2373 viri
845 2315 911 2374 irati
935 2313 1096 2390 praecipuo
1119 2314 1249 2374 animum

134 2415 334 2493 perspicimus,
356 2435 416 2475 uns
438 2415 615 2476 affirmative
632 2417 748 2477 adiecta
767 2415 919 2477 irridentis
934 2418 1029 2478 verbu
1049 2416 1187 2477 cudimus
1208 2447 1251 2456 —

134 2523 165 2576 nt
186 2519 284 2577 omnia
299 2519 400 2596 priorn
415 2520 543 2596 abrupto
561 2521 697 2580 elocutus
712 2525 766 2593 est,
789 2521 831 2580 ite
846 2525 998 2598 postrema
1013 2521 1124 2597 optime
1139 2519 1251 2580 addere

134 2621 236 2698 potnit,
259 2621 288 2680 ni
312 2621 410 2698 rarior,
431 2623 581 2699 porticula
601 2621 718 2700 omissa,
740 2624 914 2702 praesertim
938 2641 1004 2683 cnm
1028 2642 1088 2684 non
1111 2624 1251 2700 neglegu-

135 2741 203 2794 mns,
226 2723 308 2802 quod
324 2724 425 2785 verbis
447 2720 569 2798 πιθοῦ,
592 2715 697 2784 πάλιν
711 2720 891 2804 στείχωμεν
913 2725 1088 2787 Diomedem
1104 2725 1252 2804 proficisci

134 2825 225 2899 iussit,
247 2827 346 2886 uerbis
368 2833 468 2888 cutem
492 2829 688 2906 sequentibus
711 2828 861 2889 fortunam
886 2836 919 2889 nt
940 2829 1021 2890 bone
1042 2831 1081 2888 sit
1103 2829 1252 2905 imploret.

216 2975 361 3058 Smila
389 2976 439 3052 τίς
461 2967 495 3040 δ’
509 2969 711 3060 ὑπερβαλών
733 2973 853 3060 λόχους
880 2971 1002 3062 Τρώων
1023 2966 1076 3056 ἐφ’
1089 2965 1174 3060 ἡμᾶς
1194 2968 1252 3061 ἦλ-

27 3089 28 3120 t
134 3080 205 3156 θεν,
227 3069 310 3156 nicee
332 3079 389 3144 καὶ
410 3082 547 3155 intrim

216 3204 384 3284 Nenckins,
406 3209 440 3266 ut
462 3209 493 3266 ot
514 3204 689 3282 particulam
712 3191 755 3262 ἄν
776 3205 922 3265 insereret
944 3221 1020 3266 neve
1043 3205 1149 3267 eodem
1165 3205 1253 3266 modo

27 3299 28 3320 ¹
134 3313 256 3384 erraret,
278 3325 338 3386 qno
360 3307 504 3385 Beckins,
524 3307 717 3383 Lentiugius‚
741 3307 974 3385 floruerdcnus,
995 3309 1165 3370 acutissime
1187 3327 1253 3385 pro·

134 3413 233 3488 poenit
261 3405 309 3482 τίς
336 3397 380 3470 ἂν
405 3393 610 3490 ύτιερβαλών
639 3455 646 3470 .
677 3455 684 3470 .
714 3455 720 3470 .
771 3412 900 3472 Retenta
926 3412 1074 3489 pcrticnln
1099 3405 1136 3470 δέ
1162 3413 1254 3472 verbu

134 3513 184 3574 iile
206 3515 451 3590 interrogationis
465 3515 660 3591 interpositos
674 3519 789 3574 tentum
810 3515 962 3590 multoque
978 3515 1007 3572 vi
1023 3515 1136 3574 minore
1150 3513 1253 3574 viden·

134 3619 195 3694 tnr;
224 3617 254 3678 id
282 3616 377 3694 quod,
403 3617 580 3694 praesertim
612 3634 678 3676 oum
706 3618 833 3694 primum
860 3615 979 3693 quidem
1006 3617 1181 3694 enuntietio,
1206 3617 1254 3676 cni

135 3721 317 3794 quaestionis
345 3719 440 3780 forms
461 3720 514 3796 sit,
544 3736 603 3778 non
627 3725 786 3796 sequetur,
816 3725 877 3778 tum
900 3718 1017 3778 demum
1044 3737 1141 3780 novae
1163 3720 1253 3780 inter·

134 3825 306 3900 rogationes
333 3822 418 3884 nobis
446 3841 479 3882 sc
508 3823 649 3900 offerunt,
679 3824 782 3882 nescio
811 3823 879 3898 qnis
906 3822 1044 3898 accipiet.
1086 3823 1201 3884 'Pernen
1223 3823 1253 3882 in

136 3925 191 3986 hnc
213 3929 277 4005 ipsc
298 3927 434 3988 oratione
457 3925 580 4000 aurigae
596 3925 641 3984 iro
663 3943 752 4001 quem
769 3923 896 3984 maxime
917 3926 1054 3986 commoti
1078 3925 1256 4002 perturbeti-

135 4047 194 4106 que
216 4029 341 4108 singulis
364 4029 463 4090 verbis
490 4045 633 4088 summam
657 4027 714 4086 vim
738 4025 958 4088 attribuendum
987 4028 1139 4106 multoque
1162 4027 1255 4102 megin

138 4149 226 4192 unum
255 4132 420 4192 alterumve
447 4130 623 4192 dissolutum
651 4147 740 4206 quam
768 4131 867 4188 omnin
894 4129 999 4190 ordino
1025 4149 1061 4190 nc
1084 4135 1256 4190 constanter

136 4235 301 4312 composite
328 4235 505 4310 putaverim.
548 4231 617 4304 Qus
644 4231 681 4290 de
709 4248 800 4292 cnusn
827 4232 914 4292 etium
943 4233 1090 4294 hocloco
1116 4230 1255 4308 esyndcti

136 4335 231 4396 iormu
253 4337 414 4412 aptissime,
437 4336 466 4394 ni
488 4335 584 4410 iniior,
606 4334 745 4394 restitute
766 4339 819 4396 ost

1087 4451 1103 4502 o
