3040 4832
1115 377 1118 386 ⁴
1202 343 1268 454 Ι81

154 541 330 602 expressum
345 527 399 597 est,
420 539 678 601 superuacaneum
701 527 731 584 et
746 541 813 582 cum
828 523 978 584 sententis
993 523 1152 584 verborum
1168 529 1274 601 operte

154 625 275 688 certet⁴‘
322 629 430 706 Neque
451 629 560 688 iniuria
582 627 663 688 hunc
678 645 797 688 versum
820 626 915 688 deleri
937 627 1006 688 mihi
1022 645 1198 704 persuasum
1214 633 1272 706 cst;

155 727 306 807 quomodo
328 733 428 790 autem
450 734 544 790 totum
568 729 666 790 iocum
689 729 849 790 emendare
871 728 991 790 studeat
1013 730 1060 789 vir
1081 729 1199 806 doctus,
1222 731 1272 790 mi·

155 849 212 894 nus
239 833 308 894 mihi
333 833 486 910 probetur.
529 833 607 892 Nam
635 833 770 910 quamvis
798 835 879 892 recte
909 849 961 892 eos
990 835 1113 892 secutus
1138 833 1193 910 sit,
1222 833 1274 910 qni

155 951 275 995 versum
300 938 382 998 1428
405 934 536 996 Creusae
559 935 739 1006 tribuerent,
767 933 843 995 salso
866 937 966 994 tamen
989 951 1026 994 ex
1049 934 1106 995 huc
1128 953 1162 996 re
1185 936 1275 996 colte-

155 1037 208 1114 git,
229 1037 358 1114 primum
380 1055 473 1098 nuum
489 1053 610 1098 versum
630 1037 711 1098 Iouis
726 1035 992 1112 interrogationem
1008 1037 1210 1098 continentem
1225 1056 1274 1100 ex·

156 1139 273 1212 cidisse,
295 1145 358 1200 tum
377 1159 405 1200 r.
423 1141 505 1202 1428
527 1139 592 1200 1οοί
607 1138 803 1217 adscriptum,
825 1139 931 1200 deinde
946 1158 974 1198 v.
992 1143 1074 1202 1429
1096 1138 1196 1218 (quem
1219 1160 1274 1202 suo

158 1242 224 1302 iure
239 1241 311 1302 dicit
326 1241 402 1302 adeo
418 1261 477 1303 non
494 1241 531 1301 ad
547 1259 665 1302 versum
681 1243 810 1320 priorem
826 1242 986 1320 quadrare,
1004 1247 1038 1302 ut
1052 1244 1151 1322 potius
1165 1245 1275 1304 solum·

156 1341 246 1404 modo
272 1345 547 1422 interrogationem,
577 1344 696 1421 qualem
719 1363 747 1404 v.
770 1347 852 1408 1426
875 1345 1031 1421 praebeat,
1060 1347 1146 1423 sequi
1168 1345 1276 1424 possit)

156 1447 303 1507 intrusum
320 1464 395 1507 esse.
437 1447 545 1524 Neque
561 1447 654 1524 msgis
669 1449 835 1525 acceperim
858 1465 935 1525 quse
950 1447 1035 1510 dicit:
1060 1449 1177 1522 „Versu
1194 1454 1276 1514 1430

157 1549 257 1610 deleto
280 1567 318 1610 ne
340 1567 384 1609 rs.
405 1552 486 1612 1431
511 1549 628 1627 quidem
652 1553 733 1610 stare
755 1549 883 1628 potesi“
929 1552 1034 1612 Potius
1056 1570 1162 1613 versus
1186 1557 1276 1624 1426,

158 1653 250 1728 1429,
275 1653 354 1714 1431
379 1669 482 1712 omnes
497 1653 624 1722 retineo;
646 1651 735 1713 talem
752 1657 851 1713 autem
871 1671 974 1714 eorum
995 1671 1163 1714 connexum
1184 1655 1276 1716 fuisse

156 1759 239 1831 puto,
262 1757 296 1814 ut
317 1755 382 1814 loni
404 1771 433 1814 v.
450 1757 532 1817 1426
555 1755 728 1834 quaerenti:
751 1745 842 1814 ἔστιν
855 1771 887 1814 τι
909 1745 994 1832 πρὸς
1015 1740 1105 1834 τῷδ’,
1128 1743 1148 1836 ἢ
1169 1743 1278 1834 μόνον

156 1840 229 1914 τόδ’
244 1839 408 1933 εὐτυχεῖς,Ι
428 1857 543 1918 Creusa
564 1855 772 1934 responderet:

270 1943 520 2036 surreptorem
541 1953 767 2036 μαρμαίροντε
788 1947 971 2038 παγχρύσῳ
992 1953 1086 2038 γένυι

304 2077 336 2128 29
355 2048 563 2143 Ἐριχθονίου
585 2080 622 2122 τε
643 2059 708 2123 τοῦ
727 2051 831 2122 πάλαι
852 2053 1032 2142 μιμήματα,

303 2181 336 2230 rs
355 2151 478 2247 δώρημ’
494 2149 646 2238 Ἀθάνας,
667 2151 689 2244 ἢ
710 2149 800 2225 τέκν’
815 2157 986 2244 ἐντρέφειν
1009 2161 1098 2246 λέγει

303 2283 333 2334 31
355 2263 471 2345 δέραια
492 2263 588 2328 παιδὶ
610 2257 761 2346 νεογόνῳ
782 2262 907 2346 φέρειν,
929 2263 1059 2329 τέκνον.

244 2373 395 2446 Quattuor
418 2373 496 2433 enim
513 2372 648 2434 versibus
670 2372 792 2448 Creusa,
814 2389 904 2449 quem
926 2373 1049 2433 aiteram
1073 2392 1135 2434 rom
1158 2378 1279 2453 praetor

158 2475 336 2536 vestimento
357 2477 475 2536 cisteiic
497 2476 679 2549 contineret,
707 2475 904 2552 descripsisse
931 2476 1002 2535 mihi
1023 2475 1156 2548 videtur,
1185 2479 1225 2538 its
1247 2483 1281 2538 ut

159 2577 240 2637 lonis
262 2579 363 2638 verbis
384 2571 426 2658 (v.
449 2573 545 2656 1432)
571 2567 612 2637 τὸ
640 2571 676 2637 dd
697 2571 817 2656 τρίτον
843 2573 948 2638 ποθῶ
973 2575 1098 2656 μαθεῖν
1128 2581 1280 2642 admonita

159 2680 197 2740 ad
220 2681 338 2742 tertiam
360 2700 423 2742 rem
447 2681 646 2743 definiendam
675 2681 774 2742 denuo
796 2683 863 2760 peri
885 2699 1009 2742 numero
1037 2683 1136 2743 utitur.
1179 2684 1280 2762 Atque

159 2783 248 2844 facite
269 2785 478 2861 cognoscimus
500 2785 578 2846 hsue
600 2785 743 2863 colloquii
766 2789 884 2862 purtem
911 2803 948 2845 eo
971 2784 1059 2845 modo
1081 2791 1200 2863 potitam
1222 2791 1280 2846 sta·

158 2889 259 2964 tuisse,
281 2891 315 2948 nt
335 2887 463 2964 primum
486 2881 653 2966 (1402-5)
676 2887 738 2947 1)ῖοί
758 2887 855 2964 binos,
876 2891 940 2947 tum
962 2885 1148 2961 (1406-25)
1170 2889 1281 2965 singuli

160 2989 305 3066 singulos,
327 2988 436 3048 deinde
458 2981 652 3066 (1426-30,
675 2987 774 3048 deleto
797 2984 892 3060 1430)
915 2990 1054 3066 quaterni
1076 2989 1210 3067 singulos
1231 3011 1281 3052 ex·

160 3091 305 3170 cipereut
347 3091 479 3152 Necesse
501 3090 622 3170 quidem
645 3095 691 3152 est
713 3107 819 3151 versus
842 3093 924 3152 1428
947 3096 1016 3168 post
1039 3095 1121 3156 1429
1143 3098 1281 3172 ponatur,

161 3195 273 3273 quippe
303 3211 364 3272 quo
395 3193 560 3272 praecipue
592 3193 630 3256 de
658 3192 807 3254 exteriore
832 3193 975 3272 anguium
1005 3195 1104 3272 speeie
1139 3197 1282 3258 certiores

160 3299 274 3374 fiamus,
296 3303 330 3358 ut
350 3297 517 3358 arctissime
539 3315 608 3358 cum
630 3315 720 3360 versu
743 3299 825 3358 1421
849 3295 1077 3374 coniungeudus
1100 3297 1147 3358 sit
1184 3299 1281 3360 Versu

160 3409 259 3464 cutem
281 3404 364 3464 1428
387 3400 425 3462 de
448 3402 578 3479 origiue,
606 3406 752 3482 sequente
774 3400 813 3460 de
835 3399 894 3462 tine
917 3400 994 3462 doni
1011 3401 1167 3480 docemur,
1192 3421 1280 3480 qoam

162 3507 199 3566 ob
226 3523 289 3566 rem
317 3505 405 3566 etiem
433 3503 507 3564 hsce
530 3503 621 3564 verba
647 3522 738 3566 vorsu
767 3505 849 3564 1429
880 3503 1087 3565 molestissime
1114 3505 1282 3584 interrupta

163 3607 305 3670 videmus.
327 3637 369 3648 -
391 3607 480 3682 Quod
502 3607 633 3684 denique
654 3607 815 3668 Euthoven
837 3605 976 3666 versibus
994 3609 1158 3668 1428-31
1183 3613 1281 3668 reten-

162 3711 200 3772 tis
221 3709 336 3772 uescire
358 3728 391 3772 se
414 3709 496 3787 dicit,
517 3727 578 3787 quo
600 3699 671 3768 οἵδε
694 3705 886 3768 referendum
909 3707 961 3784 sit,
983 3725 1072 3788 spero
1097 3709 1191 3770 sirum
1214 3709 1281 3772 doc·

164 3817 225 3874 tum
248 3831 337 3892 nunc,
358 3831 426 3874 cum
447 3813 559 3872 reiecto
574 3829 665 3872 versu
682 3813 765 3872 1430
786 3813 977 3872 unctantem
994 3809 1119 3892 simplex
1134 3815 1283 3874 sententia

163 3915 332 3994 antecedat,
353 3913 487 3978 noudum
510 3915 541 3974 iu
564 3913 621 3976 heo
643 3931 677 3974 re
698 3914 883 3976 offensurum
907 3931 983 3976 esse.

247 4016 416 4080 Schmidius
442 4013 631 4098 (Euripides.
663 4017 709 4078 De
731 4016 813 4078 lone.
844 4015 966 4096 Lipsiae
992 4019 1083 4096 1884,
1104 4037 1134 4096 p.
1154 4009 1223 4096 29),
1250 4023 1283 4080 ut

164 4121 238 4184 hoec
260 4139 381 4200 quoque
402 4123 508 4200 paneis
529 4139 678 4192 monum,
708 4103 888 4182 Heilandum
917 4119 1177 4200 leucaspidem,
1200 4120 1281 4200 quod

163 4231 245 4289 reote
272 4225 514 4302 stichomythiam
541 4223 638 4288 omitti
665 4221 923 4294 animsdrerterit‚
954 4222 1148 4302 reprehendit
1174 4227 1283 4302 sotem,

163 4327 244 4404 quod
268 4345 359 4390 verse.
377 4331 468 4392 1427.
491 4331 541 4392 28.
563 4331 604 4392 20
628 4327 678 4390 uui
701 4325 833 4388 Creusae
854 4325 1001 4391 tribuerit.
1044 4325 1121 4388 Nem
1136 4325 1191 4388 sibi
1206 4327 1282 4388 reri·

1115 4443 1131 4494 θ
