3040 4832
239 378 280 440 74

240 552 398 613 Ehebrnch
422 551 558 628 gedania
582 552 643 613 und
666 553 769 612 solohe
791 551 858 612 sind
883 551 994 612 wieder
1018 551 1071 610 der
1093 551 1254 611 Hermione
1278 552 1364 612 nicht

239 655 406 734 geiahrlich
429 651 619 732 gewordcn“,
646 655 721 716 haec
744 673 837 716 cansa
860 655 930 714 mihi
953 673 1012 714 non
1036 653 1149 714 sufficit
1175 653 1213 714 ad
1237 672 1288 715 eos
1312 654 1363 716 de-

239 757 352 819 londos.
396 759 472 819 Nam
495 759 636 836 qnoniam
660 758 753 819 verba
775 758 825 818 illa
847 777 908 818 non
931 757 968 818 ad
985 755 1224 833 Andromachen,
1246 757 1364 826 seriad¹

239 861 375 922 Orestem
407 862 487 922 diota
514 865 585 922 enni
615 861 780 938 eademque
811 861 973 922 Hermione
1005 865 1066 920 tum
1095 860 1263 938 eloquitur,
1295 881 1362 922 cum

238 967 333 1043 ipsam
356 964 425 1026 facti
448 966 505 1024 iam
529 965 670 1041 poenitet,
694 965 844 1042 aptissime
860 968 948 1041 poeta
965 964 1115 1024 mulierem
1132 963 1247 1040 fingere
1262 965 1362 1042 potuit

239 1089 299 1130 non
321 1069 415 1129 solum
444 1068 480 1129 de
503 1067 539 1128 iis
568 1086 644 1145 quae
669 1069 734 1144 ipsa
757 1068 890 1128 subierat
911 1067 1053 1144 periculis
1083 1068 1155 1126 iram
1185 1072 1363 1144 moventem,

238 1171 291 1233 sed
314 1171 402 1232 etiam
424 1173 498 1246 alia,
529 1172 751 1250 qualiacunque
774 1171 925 1231 connubio
948 1188 1094 1248 prospero
1118 1170 1252 1244 obstant,
1282 1191 1361 1232 com·

121 1315 125 1322 -
239 1278 460 1336 memorantem.

325 1405 424 1474 1272:
452 1405 568 1490 ψῆφος
590 1404 779 1489 κέκρανται,
803 1407 988 1470 κατθανεῖν
1011 1394 1189 1485 ὀφείλεται.

325 1531 489 1592 Audiamus
512 1532 729 1590 Hermannum:
764 1530 901 1600 „Deinde
925 1531 992 1590 iibri
1019 1529 1203 1588 κατθανεῖν
1224 1513 1254 1589 τ’
1274 1517 1363 1605 όφεὶ-

241 1637 333 1696 λεται
349 1639 469 1713 praeter
484 1637 562 1711 Pan,
584 1635 614 1720 in
631 1653 690 1710 qno
710 1618 740 1692 τ’
756 1635 904 1694 omissum.
950 1636 1024 1693 Eum
1040 1633 1172 1694 codicem
1195 1638 1277 1694 recte
1294 1655 1361 1694 cnm
1386 1635 1391 1652 ¹

239 1740 393 1802 Brunckio
416 1739 558 1798 Matthiae
582 1738 691 1815 aliique
713 1739 806 1798 secuti
831 1741 914 1810 sunt,
937 1739 993 1798 nisi
1017 1737 1095 1798 forte
1118 1739 1278 1814 Euripides
1301 1740 1363 1799 ele-

196 1921 198 1925 ·
239 1844 358 1920 gantiae
374 1842 495 1918 scripsit
516 1839 702 1900 κατθανεῖν
718 1826 931 1916 δφειλέταις.“
972 1841 1157 1919 Lentingins,
1178 1841 1364 1920 Dindorfins,

239 1944 403 2022 Nauckins,
425 1942 631 2004 Kinchhoftius
653 1943 829 2020 particulam
850 1947 1042 2021 receperunt3
1066 1961 1120 2004 nos
1143 1944 1320 2004 omittamus.

324 2073 483 2142 Troados
505 2073 590 2141 458:
624 2073 717 2159 χαῖρέ
741 2096 814 2158 μοι,
844 2075 963 2160 μῆτερ,
992 2069 1156 2158 δακρύσῃς
1181 2074 1301 2160 μηδὲν·
1335 2067 1364 2140 oh

239 2181 319 2265 φίλη
342 2178 472 2262 πατρίς.

323 2305 513 2364 Hermannns
542 2303 633 2363 verba
657 2293 821 2382 δακρύσῃς
843 2295 947 2382 μηδὲν
973 2307 1006 2362 ut
1033 2303 1064 2361 in
1092 2301 1265 2379 parenthesi
1294 2323 1361 2381 pro-

239 2408 301 2467 lata
323 2409 432 2484 putans
452 2409 546 2483 χαῖρε
569 2403 657 2466 etiam
681 2406 719 2465 ati
742 2405 869 2482 patriam
900 2409 929 2465 et
951 2405 1058 2465 fratres
1087 2408 1117 2464 et
1140 2409 1254 2481 patrem
1283 2411 1362 2467 netu·

239 2511 286 2586 lit,
313 2509 343 2568 id
373 2508 454 2586 qnod
477 2508 618 2585 probavit
641 2509 793 2569 Matthiae.
837 2510 951 2568 Tamen
974 2507 1144 2582 Diodorfio,
1174 2507 1362 2570 Kirchhoftio

238 2613 303 2672 aliis
334 2611 480 2672 assentire
507 2611 620 2684 malim,
652 2611 744 2672 verba
770 2615 864 2688 χαῖρε
893 2656 900 2669 .
925 2655 932 2670 .
957 2655 964 2668 .
991 2603 1094 2690 μηδέν
1124 2611 1289 2672 arctissimo
1319 2615 1362 2672 in·

239 2720 284 2775 tor
306 2733 338 2774 se
361 2712 554 2774 cohaerentia
576 2712 664 2772 unius
687 2713 854 2772 sententiae
877 2713 942 2772 vice
965 2712 1066 2790 iungi,
1093 2731 1171 2790 qnae
1194 2718 1293 2774 antem
1316 2733 1362 2776 se·

239 2821 381 2895 quantur,
405 2794 434 2874 ὦ
454 2809 535 2894 φίλη
558 2809 692 2894 πατρίς,
718 2815 756 2875 ab
779 2833 816 2875 ea
838 2814 1022 2892 seiungenda
1045 2815 1231 2889 existimans,
1255 2822 1360 2896 utpote

239 2919 330 2980 verba
352 2937 407 2997 pro
430 2917 644 2979 exclamatione
667 2936 721 2994 per
744 2936 777 2978 se
799 2918 906 2994 posita·

239 3049 307 3118 661
319 3068 388 3132 qa
418 3039 580 3115 ἀκέατυδ
597 3037 712 3134 αὐτήν,
735 3039 808 3134 ἥτις
831 3043 938 3134 ἄνδρα
960 3041 1022 3115 τδν
1045 3045 1152 3135 πάρος

413 3163 558 3218 καινοῖσι
574 3151 724 3237 λέκτροις
745 3142 953 3232 δποβαλοῦσ’
967 3144 1073 3218 ἄλλον
1088 3157 1185 3235 φιλεῖ.

324 3279 364 3338 Ut
386 3295 563 3356 persuasum
588 3277 658 3337 mihi
680 3281 733 3350 est,
758 3277 945 3338 Dindorfinm
968 3281 1064 3338 totum
1087 3279 1185 3340 locum
1209 3281 1247 3340 ab
1270 3299 1361 3342 versu

241 3386 301 3444 656
331 3399 423 3458 usqne
447 3380 486 3440 ad
509 3397 628 3440 versum
652 3383 713 3442 667
742 3379 898 3440 eicientem
925 3381 1011 3442 nimIs
1040 3382 1159 3444 modam
1189 3385 1361 3458 excessisse,

162 3507 165 3514 ·
240 3487 281 3545 ita
303 3503 359 3561 pro
375 3489 457 3544 certo
481 3483 585 3554 habeo,
608 3501 712 3542 verum
728 3481 840 3544 vidisse
861 3482 1033 3544 Nauekinm
1056 3485 1147 3546 hosce
1163 3485 1239 3547 dnos
1255 3505 1362 3548 versus

241 3589 402 3663 notantem,
424 3586 573 3646 erravisse
596 3588 695 3646 antem
719 3586 939 3648 Kirohhoffinm
963 3605 1014 3648 eos
1036 3589 1237 3665 recipientem.

325 3719 472 3786 Hecuba
496 3717 647 3800 essse:

468 3814 580 3885 δεινόν
601 3843 635 3886 τι
656 3822 752 3905 πῆμα
776 3821 971 3905 Πριαμίδαις
994 3819 1124 3903 ἐπέζεσε

444 3918 540 3988 πόλει
561 3945 598 3988 τε
620 3915 720 4008 τήμῇ·
743 3925 839 3988 θεῶν
859 3915 1044 4010 ἀναγκαῖον
1066 3919 1155 3990 τόδε.

325 4049 525 4127 Hermannus,
547 4048 762 4125 Kirchhoffine‚
785 4050 919 4129 Weiiius,
941 4051 992 4111 alii
1015 4049 1062 4111 his
1085 4049 1200 4113 dnobus
1224 4055 1361 4115 versibus

240 4171 328 4213 unam
344 4151 459 4212 tantum
475 4153 651 4212 sententiam
675 4151 821 4212 contineri
841 4153 960 4224 voiunt3
984 4155 1014 4213 at
1029 4153 1172 4228 Porsono,
1194 4155 1360 4234 Dindoriio,

240 4257 305 4316 aliis
328 4255 498 4334 consentio,
521 4255 572 4334 qui
596 4255 651 4314 viri
673 4255 754 4316 docti
775 4256 869 4316 verba
892 4251 987 4315 θεῶν
1009 4239 1193 4334 ἀναγκαῖον
1215 4247 1292 4318 τόδε
1315 4277 1359 4320 se·

241 4362 377 4438 iungunt,
400 4358 457 4418 hac
479 4357 595 4420 ratione
618 4357 710 4418 multo
734 4358 873 4420 maiorem
896 4357 956 4420 vim
979 4357 1015 4420 iis
1038 4359 1241 4422 attribuentes.
