3040 4832
1264 389 1299 450 11

263 561 370 622 Mirum
392 564 489 622 autem
510 563 566 638 est,
587 558 669 638 quod
693 559 863 638 Bromigius
876 557 899 634 ¹)
922 558 959 622 de
975 561 1031 622 hae
1046 577 1080 622 re
1102 561 1198 622 affert.
1243 561 1302 636 Qui

114 669 118 678 '
179 667 315 744 quamvis
338 681 371 724 se
393 683 410 724 a
433 669 569 724 veterum
592 662 765 724 definitione
788 662 936 740 proficisei
959 663 1052 740 dieat,
1082 683 1142 726 nou
1164 666 1303 726 enuntia-

178 775 274 830 torum
297 769 449 836 rationem
476 766 716 844 grammatieam,
747 767 800 826 sed
828 766 952 828 sormam
980 769 1144 844 respiciens
1174 769 1302 844 primum

180 889 231 932 eos
253 871 337 931 loeos
360 870 476 946 digerit,
500 869 548 929 ubi
576 868 705 942 „adsunt
727 870 905 947 pronomina
927 873 980 930 ant
996 869 1140 930 adverbia
1153 870 1302 948 pronomi-

179 973 290 1049 nalia“;
314 972 423 1032 deinde
446 991 499 1032 eos
513 975 635 1048 tractat,
658 973 728 1040 „ubi
752 973 834 1032 uulla
850 973 970 1032 omnino
985 991 1044 1032 vox
1067 977 1120 1044 est
1143 989 1221 1049 quae
1243 973 1302 1032 sin·

178 1075 248 1152 guia
269 1075 446 1152 coniungat,
474 1075 696 1134 enuntiationes
718 1081 816 1136 autem
839 1076 922 1152 ipsae
952 1093 1007 1151 per
1029 1075 1204 1134 senteutiam
1235 1091 1302 1134 are·

178 1177 289 1238 tissime
312 1178 510 1248 eohaerent“;
537 1177 627 1238 tertio
651 1175 783 1254 denique
807 1171 874 1238 loeo
898 1177 934 1236 de
957 1177 1007 1236 illo
1030 1176 1167 1252 asyndeti
1191 1193 1302 1251 genere

178 1281 287 1358 agitur,
313 1279 382 1352 „ubi
405 1280 560 1356 complura
582 1279 751 1354 enuntiata,
780 1297 856 1356 quae
880 1279 961 1338 nullo
985 1280 1044 1339 alio
1067 1296 1146 1338 nexu
1169 1279 1247 1338 inter
1269 1295 1303 1338 se

182 1383 353 1460 cohaerent,
376 1400 463 1460 quam
487 1382 537 1459 qni
561 1382 711 1460 particula
732 1376 789 1440 καί
812 1381 936 1458 exprimi
959 1381 1066 1459 possit,
1093 1381 1187 1442 solute
1211 1398 1302 1440 unum

178 1485 217 1546 ad
239 1485 368 1545 alterum
391 1482 612 1562 apponuntur.“
660 1485 701 1546 At
723 1485 799 1545 haee
821 1487 887 1562 ipsa
909 1485 990 1545 tertii
1013 1485 1134 1560 generis
1156 1483 1304 1562 asyndeta

179 1587 312 1650 seeundo
336 1589 440 1664 generi
463 1585 674 1666 subiungeuda
698 1590 793 1662 eraut,
817 1586 957 1664 qnoniam
981 1587 1011 1646 in
1033 1591 1162 1664 utroque
1185 1586 1304 1662 singula

179 1693 334 1752 enuntiata
348 1692 443 1752 verbo
459 1690 662 1768 eoninngente
679 1695 792 1750 errent
836 1691 943 1767 Neque
959 1691 1055 1751 minus
1070 1691 1190 1762 erravit,
1209 1708 1303 1768 quan·

179 1799 240 1856 tum
263 1793 361 1872 video,
382 1795 429 1854 vir
444 1794 550 1856 doetus
573 1811 624 1854 eas
647 1793 867 1884 enuntiationes
890 1811 979 1854 seusu
996 1793 1157 1854 cohaerere
1172 1809 1303 1870 negaus3

180 1899 267 1958 unius
290 1897 369 1958 enim
391 1898 433 1957 rei
457 1902 569 1975 partes,
591 1898 729 1974 quamvis
751 1896 899 1972 diversae,
921 1899 1077 1974 apparent.

263 2001 371 2078 Itaque
393 1995 619 2079 Seemannus1),
644 2018 729 2072 „eum
746 1999 875 2076 quodvis
891 1998 1060 2077 asyndeton
1077 1999 1302 2076 grammatieum

180 2105 232 2180 sit,
266 2107 358 2164 totam
389 2122 492 2164 eorum
523 2104 638 2181 eopiam
674 2102 838 2163 seeundum
870 2104 1003 2180 quinque
1033 2120 1162 2178 genera,
1193 2103 1304 2178 quibus

181 2207 336 2268 enuntiata
357 2208 407 2268 vel
429 2207 578 2268 voeabula
598 2207 793 2284 grammatice
815 2207 901 2282 paria
923 2209 1131 2284 annectuntur,
1153 2207 1184 2266 iu
1207 2224 1304 2284 genus

180 2310 380 2388 eopulativum
405 2315 435 2370 et
457 2309 671 2370 disiuuetivnm
694 2311 724 2368 et
740 2308 962 2368 adversativum
986 2314 1015 2368 et
1037 2309 1158 2368 eausale
1181 2313 1211 2368 et
1233 2326 1304 2370 eon·

180 2410 364 2474 seeutivum“
384 2412 495 2490 optime
516 2411 626 2488 divisit,
649 2410 814 2470 rectissime
836 2412 941 2488 generi
963 2411 1134 2488 eopulativo
1156 2410 1304 2488 asyndeta

181 2520 210 2576 et
231 2515 437 2576 enumerativa
465 2520 495 2574 et
521 2513 765 2590 augmentative,
796 2515 900 2590 generi
924 2515 1036 2574 eansali
1065 2520 1095 2574 et
1116 2514 1248 2574 causalia
1274 2519 1305 2576 et

180 2618 368 2696 explieativa,
390 2619 493 2694 generi
515 2617 709 2677 eouseentivo
732 2626 763 2676 et
785 2618 980 2678 eonseentiva
1002 2621 1032 2678 et
1055 2617 1305 2694 comprehensiva

180 2721 373 2798 subiungens.
418 2719 525 2797 Neque
548 2719 660 2790 habeo,
691 2719 773 2796 quod
796 2719 922 2794 singulis
949 2720 1136 2795 singulorum
1159 2736 1303 2796 generum

180 2822 401 2884 definitionibus
422 2823 459 2882 ab
484 2841 519 2882 eo
542 2821 663 2882 statutis
684 2820 802 2882 addam.

266 2924 353 3000 Quod
376 2929 473 2984 autem
497 2925 535 2984 ad
559 2927 650 3001 eaput
672 2925 798 3002 primum
827 2925 948 3002 attinet,
979 2924 1126 3002 asyndeta
1147 2943 1305 2986 enumera·

181 3029 244 3089 tiva
265 3029 307 3090 ita
329 3028 479 3100 naeniae,
510 3034 544 3087 ut
571 3027 659 3087 etiam
683 3027 899 3088 sententiarum
922 3026 1038 3087 formas
1055 3027 1219 3103 respiciens
1245 3029 1304 3105 pri-

181 3150 260 3192 mum
282 3131 404 3209 quidem
434 3149 470 3191 ea
492 3131 629 3206 afferam,
658 3129 766 3206 quibus
797 3129 966 3206 complures
995 3147 1043 3190 res
1071 3130 1101 3189 in
1131 3131 1304 3190 narratione

181 3235 356 3313 simpliciter
379 3238 607 3304 enumerantur,
635 3239 697 3292 tum
721 3248 759 3292 ea
781 3229 951 3310 adiungam,
975 3230 1084 3308 quibus
1106 3233 1200 3308 iussa,
1224 3232 1305 3293 deui-

181 3355 241 3414 qne
263 3355 312 3408 ea,
340 3337 450 3414 quibus
472 3335 727 3414 interrogationes
755 3334 810 3394 sibi
834 3339 1037 3413 apponuntur.
1081 3333 1304 3412 asyndetorum

181 3437 289 3498 deinde
311 3439 603 3516 angmentativornm
626 3439 752 3516 primum
777 3455 813 3496 ea
836 3454 1027 3514 componam,
1050 3437 1110 3514 nbi,
1131 3437 1213 3513 quod
1237 3455 1304 3498 sen·

181 3541 275 3600 tentia
297 3542 397 3618 priore
420 3542 477 3602 iam
501 3539 613 3600 dietum
639 3541 713 3617 erat,
734 3539 900 3616 posteriore
924 3539 1002 3600 idem
1024 3537 1174 3616 prolatum
1198 3543 1252 3616 est,
1274 3539 1304 3598 id

182 3642 263 3720 quod
293 3645 404 3722 triplioi
435 3641 523 3704 modo
553 3642 618 3702 fleri
649 3659 739 3720 posse
769 3640 921 3716 ridemus,
951 3643 1014 3702 sire
1043 3657 1134 3700 unum
1165 3640 1305 3719 idemque

181 3746 306 3806 verbum
329 3747 483 3824 repetitur,
506 3745 570 3806 sive
591 3744 673 3804 aliud
696 3743 818 3822 aliquod
841 3743 935 3804 simile
957 3743 1088 3822 ponitur,
1109 3743 1172 3804 sive
1195 3744 1305 3821 prioris

182 3849 310 3908 notionis
338 3849 519 3910 eontrarium
547 3851 689 3922 negatur;
720 3851 889 3924 sequuntur
916 3863 953 3906 ea
980 3847 1128 3924 exempla,
1159 3845 1208 3906 ubi
1237 3865 1304 3908 rer·

181 3949 286 4012 borum
308 3951 550 4014 anteeedentinm
574 3949 619 4010 vis
641 3950 790 4010 sententia
806 3947 1008 4024 subsequente
1031 3953 1061 4010 et
1084 3949 1254 4010 continetur
1275 3957 1305 4012 ot

181 4059 317 4130 angetur.
361 4055 400 4116 ut
422 4055 451 4116 in
475 4053 534 4116 iliis
557 4057 665 4123 antem,
688 4069 764 4128 quas
781 4050 918 4122 diximus,
943 4053 1039 4112 tribus
1061 4052 1169 4130 prioris
1191 4053 1304 4130 speeiei

181 4157 318 4234 partibus
341 4163 371 4219 et
394 4159 424 4218 in
441 4158 496 4218 hae
512 4157 611 4234 speeie
634 4153 738 4218 eodem
761 4153 849 4214 modo
872 4171 933 4232 qno
956 4155 986 4216 iu
1009 4153 1161 4232 asyndetis
1184 4173 1303 4220 enume-

181 4259 286 4318 rativis
308 4261 522 4322 sententiarum
545 4259 659 4320 formae
682 4257 827 4318 rationem
850 4255 974 4320 habebo.

270 4409 291 4472 ¹)
313 4419 377 4474 1)ῑῦ-
395 4413 419 4460 ³·
