3040 4832
189 370 207 434 8

189 565 268 606 mum
292 547 411 624 quidem
435 548 528 608 verba
542 549 594 608 illa
604 541 629 626 ¹)
655 565 763 627 ,saepe
787 551 944 626 sequentia
967 555 1105 628 spectant
1127 552 1241 612 adrem
1258 552 1310 612 ali-

189 667 292 726 quam,
324 668 400 726 quae
424 650 504 710 nullo
527 650 688 710 adiuvante
716 653 745 711 in
769 670 867 712 rerum
891 657 1000 713 natura
1027 655 1075 714 vel
1101 656 1132 715 in
1160 655 1310 732 loquentis

190 753 284 830 ipsius
307 771 434 830 corpore
456 755 592 813 animove
616 753 747 830 evenit“,
770 755 842 833 quid
864 755 919 815 sibi
934 757 1036 834 velint,
1058 757 1137 817 haud
1160 759 1311 836 intellego.

189 857 265 916 Nam
294 857 408 916 etiamsi
432 857 509 916 inter
531 857 639 930 verba,
670 876 748 933 quac
780 859 944 934 loquimur,
975 859 1064 918 animi
1087 864 1185 921 status
1208 867 1311 921 noster

189 959 290 1036 aliquo
315 959 402 1019 modo
425 964 568 1038 mutatur,
601 960 673 1038 quid
697 979 751 1021 nos
773 962 909 1038 impedit,
938 980 975 1022 ne
998 964 1179 1040 posteriora,
1203 965 1311 1040 quibus

189 1061 239 1121 illa
260 1063 384 1123 mutatio
411 1063 468 1121 iam
491 1061 625 1138 perfecta
654 1064 769 1140 clucet,
800 1079 867 1123 oum
895 1065 1044 1142 prioribus
1072 1065 1311 1144 coniungamus?

190 1165 341 1226 Summum
370 1167 396 1225 ei
427 1165 552 1226 concedi
579 1170 693 1244 potest,
724 1167 793 1226 talia
821 1168 970 1245 asyndeta
1000 1188 1059 1228 non
1083 1169 1225 1246 explicari
1255 1169 1311 1228 nisi

192 1267 290 1328 media
313 1269 442 1345 quadam
466 1271 645 1345 cogitatione
668 1271 825 1348 suppleta,
853 1271 889 1330 ad
914 1289 1003 1348 quam
1032 1273 1123 1331 verba
1145 1252 1313 1350 posteriora

192 1374 343 1448 spectent3
360 1372 552 1446 quamobrem
571 1371 682 1430 eisdem
699 1372 832 1444 inserere
845 1373 956 1450 debuit,
972 1392 1030 1433 non
1048 1391 1181 1434 seorsum
1198 1376 1313 1435 afferre.

191 1473 297 1548 Neque
328 1472 465 1549 exempla
494 1473 567 1532 satis
597 1472 758 1550 diligenter
788 1475 916 1548 elegisse
947 1476 1017 1534 mihi
1046 1475 1173 1535 videtur.
1221 1478 1313 1537 Recte

193 1574 314 1650 quidem
331 1574 552 1652 animadvertit,
569 1574 670 1634 famuli
687 1574 812 1634 dicentis
829 1575 930 1653 (Soph.
947 1574 982 1636 Ο.
994 1579 1026 1636 R.
1042 1575 1137 1651 1129)
1159 1571 1192 1635 ri
1205 1574 1314 1658 χρῆμα

193 1671 341 1754 dociam
371 1677 463 1736 verba
495 1677 624 1736 animum
656 1677 745 1737 valde
776 1680 895 1738 anxium
927 1679 1147 1758 demonstrare,
1176 1681 1230 1740 sed
1260 1699 1314 1741 cur

192 1780 294 1839 verbis
311 1780 427 1838 demum
451 1785 554 1837 ποῖον
570 1765 675 1857 ἄνδρα
696 1773 753 1837 καὶ
769 1773 888 1857 λέγεις
911 1782 984 1857 regi,
1008 1781 1059 1858 qui
1075 1783 1315 1859 interrogaverat
1346 1821 1348 1826 -

82 1883 84 1888 ’
192 1902 281 1944 versu
298 1884 412 1960 priore:
437 1867 500 1941 τὸν
523 1870 630 1961 ἄνδρα
652 1867 745 1941 τόνδ’
766 1869 828 1942 οὖν
851 1873 953 1943 οἶσθα
982 1878 1060 1962 τῇδε
1082 1901 1151 1944 που
1173 1875 1297 1964 μαθών
1305 1905 1316 1959 ;

194 2005 260 2046 eum
284 1986 467 2063 respondere
490 1990 637 2062 putemus,
661 1994 694 2046 ut
710 1986 803 2046 voluit
824 1987 869 2045 vir
893 1987 1022 2048 doctus?
1058 1989 1163 2049 Priora
1185 1969 1339 2049 famulus

195 2091 314 2158 locutus
336 2092 392 2160 est,
421 2107 486 2149 cum
511 2106 685 2167 persuasum
709 2089 843 2166 haberet,
865 2108 965 2167 regem
989 2091 1137 2151 neminem
1161 2093 1218 2150 nisi
1241 2111 1316 2151 nun·

194 2194 267 2253 tium
291 2196 481 2269 praesentem
505 2191 698 2268 indicavisse3
729 2193 898 2268 posteriora
921 2192 1046 2265 addidit,
1070 2212 1135 2253 cum
1158 2194 1255 2254 subito
1279 2194 1316 2254 de
1346 2243 1349 2250 .

195 2295 302 2371 Oedipi
326 2295 425 2354 verbis
448 2293 584 2354 dubitare
608 2295 766 2371 coepisset,
789 2299 822 2354 ut
844 2296 955 2354 certior
970 2293 1063 2367 lieret,
1087 2314 1244 2373 quemnam
1268 2296 1317 2356 hic

195 2396 400 2474 significasset.
453 2398 486 2455 ln
521 2401 650 2473 utraque
686 2401 784 2456 autem
819 2399 1056 2474 interrogatione
1092 2398 1196 2458 eadem
1229 2399 1321 2460 animi

197 2493 334 2560 anxietas
356 2499 428 2558 latet
451 2516 549 2575 neque
567 2499 663 2557 minus
686 2480 716 2557 in
732 2499 827 2559 altera
848 2519 937 2577 quam
957 2503 986 2560 in
1001 2502 1097 2560 altera
1119 2504 1319 2577 cognoscitur.

195 2605 301 2683 ltaque
324 2619 382 2662 non
406 2601 612 2677 offendissem,
642 2603 666 2660 si
688 2608 793 2661 auctor
821 2603 946 2662 alteram
969 2604 1204 2663 enuntiationem
1231 2605 1319 2664 alteri

195 2706 344 2785 particula
373 2687 461 2762 disci
491 2706 699 2780 annexuisset;
733 2704 821 2764 hasce
853 2706 930 2763 enim
964 2705 1157 2780 cogitationes
1190 2705 1319 2766 famulus

197 2826 346 2886 quaerens
370 2808 514 2868 inanimo
537 2808 639 2868 habet:
670 2807 812 2884 quidnam
835 2808 949 2868 huncce
966 2809 1061 2867 virum
1086 2809 1249 2886 perfecisse
1272 2829 1318 2870 me
1375 2817 1378 2822 '

197 2913 274 2973 scire
301 2911 410 2988 putas?
432 2942 475 2950 -
498 2910 551 2971 sed
575 2912 630 2970 iam
655 2909 758 2987 video,
786 2910 887 2987 potius
915 2910 985 2969 mihi
1009 2928 1074 2972 csse
1098 2913 1318 2989 quaerendum:

199 3034 355 3094 quemnam
379 3015 527 3074 hominem
551 3013 648 3074 dicis?
670 3043 713 3055 -

166 3193 168 3198 Ι
284 3118 413 3180 Similem
441 3119 653 3194 cogitationum
678 3134 845 3177 connexum
876 3116 1020 3176 habemns
1046 3117 1076 3177 in
1100 3118 1212 3190 verbis,
1242 3135 1320 3195 qnae

198 3223 287 3284 affert
310 3221 495 3282 Secmannns
517 3221 560 3280 El.
582 3223 659 3282 390:
689 3203 781 3290 ὅπως
803 3208 917 3296 πάθῃς
938 3214 971 3278 τί
992 3217 1102 3299 χρῆμα
1110 3240 1121 3293 ;
1150 3216 1220 3280 ποῦ
1242 3203 1320 3278 ποτ’

198 3313 228 3383 εἱ
249 3318 402 3402 opertum

190 3471 193 3479 ι
285 3426 344 3486 Sed
369 3426 406 3486 de
429 3427 485 3485 hac
507 3443 540 3485 re
563 3426 642 3485 satis.

286 3530 403 3590 Deinde
423 3522 527 3590 omnes
543 3547 594 3589 eos
609 3529 701 3604 locos,
723 3525 806 3601 ubi²l
833 3529 976 3599 „resumit
998 3529 1124 3604 loquens
1147 3526 1321 3602 orationem,

200 3639 358 3711 postquam
390 3650 567 3709 responsum
594 3633 642 3691 vel
673 3631 783 3690 lactum
813 3630 935 3708 aliquod
965 3620 1077 3689 frustra
1105 3628 1322 3705 exspectavit“,

200 3756 260 3798 una
290 3755 355 3796 cum
380 3737 545 3797 Seemanno
573 3735 734 3794 amoverim
764 3735 799 3793 iis
822 3733 976 3812 asyndetis
998 3747 1212 3801 annumerans,
1243 3748 1321 3805 quac

201 3842 320 3899 actione
343 3838 482 3897 scaenica
505 3838 653 3897 oriuntur.
698 3837 844 3910 ldunum
868 3853 940 3895 vero
969 3835 998 3892 in
1023 3831 1166 3907 exemplis
1188 3835 1321 3892 statuen-

201 3944 247 4002 dis
270 3959 384 4002 snmmo
407 3957 497 4017 opere
527 3939 768 4016 cognoscendum
793 3943 854 4017 est,
883 3942 981 3998 utrum
1007 3953 1106 3994 veram
1135 3953 1172 3993 an
1196 3934 1323 3996 rhetori-

202 4063 264 4104 cam
289 4043 494 4121 quaestionem
517 4042 687 4118 habeamus,
710 4043 850 4119 quoniam
867 4045 938 4112 tum,
961 4057 1027 4098 cum
1051 4039 1126 4099 haec
1141 4055 1175 4098 sc
1190 4039 1323 4116 praebet,

139 4169 142 4180 ·
202 4149 297 4209 omnis
320 4164 416 4223 pansa
439 4147 582 4206 orationis
610 4145 748 4222 neganda
772 4151 832 4224 est,
861 4144 941 4222 quod
963 4143 1040 4204 idem
1059 4142 1111 4228 ,vir
1133 4141 1240 4204 doctus
1263 4161 1322 4204 non

202 4250 276 4311 satis
298 4249 436 4324 respexit.

202 4365 405 4378 1—————--·¹

290 4417 432 4482 tmo
586 4409 731 4482 dmm
