3040 4832
11 533 12 544 ἵ
136 547 297 630 626εσπ
320 544 364 614 τὰ
385 539 414 613 ‹l'
435 539 534 612 οὐδὲν
558 540 664 634 ἀλλ’ἢ
687 549 881 632 φροντίδων
903 542 1116 632 βουλεύματα

320 644 474 735 γλώσσης
489 673 525 714 τε
540 645 676 734 κόμποι.
700 662 811 727 κεῖνος
835 641 1065 730 ὀλβιώτατος.
1083 703 1090 714 .
1106 701 1114 714 .

231 795 280 857 Sin
302 794 442 856 Reiskius
463 795 557 856 rerba
580 793 691 855 tradita
712 780 785 854 τάδ’
801 779 914 854 οὐδέν·
939 783 1053 865 ἄλλως
1078 841 1083 854 .
1110 841 1117 854 .
1142 839 1163 872 .,
1191 814 1268 873 quaa

138 918 235 976 quam
259 898 337 959 dura
358 899 428 974 sint,
451 917 537 960 nomo
561 918 621 959 non
644 900 747 973 sentit,
770 899 879 975 optime
902 897 1086 968 emendarit3
1113 897 1195 975 quod
1218 917 1268 958 au-

139 1007 204 1062 tem
227 1000 382 1062 Nauekius
409 1003 438 1061 in
462 1003 558 1062 altero
581 1020 671 1061 versu
698 1003 855 1080 proposuit
881 1007 973 1060 κεῖνο
997 987 1026 1059 δ’
1048 984 1267 1074 ὀλβιώτατον,

139 1104 220 1164 haee
236 1105 329 1164 rerba
351 1104 502 1180 prioribus
526 1105 568 1164 ita
588 1105 729 1181 opposita
744 1122 811 1164 esse
833 1109 951 1182 putans,
975 1104 1079 1163 utrix
1102 1103 1189 1163 aliter
1212 1105 1268 1164 nisi

140 1207 293 1284 particula
308 1201 346 1267 δέ
367 1209 487 1267 annecti
510 1207 634 1284 possint,
658 1207 714 1267 hae
730 1208 892 1268 mutatione
909 1226 968 1267 uon
985 1225 1061 1285 opus
1079 1211 1150 1266 orat.
1187 1206 1267 1282 Quin

139 1309 230 1370 etiam
255 1329 315 1370 uon
331 1309 419 1370 modo
442 1329 501 1369 nou
525 1311 664 1388 opposita
687 1310 757 1369 mihi
773 1309 912 1370 ridentur
932 1309 1090 1388 prioribus,
1111 1309 1199 1370 immo
1223 1310 1266 1369 in·

140 1412 240 1473 dicari
256 1413 303 1473 his
319 1414 419 1474 verbis
435 1412 581 1488 existimo,
604 1413 675 1489 qnid
699 1413 823 1473 Hecuba
845 1431 882 1472 ex
897 1411 956 1472 illis
971 1414 1113 1489 colligere
1129 1413 1268 1473 voluerit

229 1562 316 1628 6682
345 1552 503 1640 δέσποιν’,
526 1555 668 1640 ὄλωλας,
691 1554 803 1627 οὐκέτ’
829 1557 860 1625 εἰ
880 1561 1050 1644 βλέπουσα
1072 1565 1154 1643 φῶς.

230 1687 386 1764 Matthiae,
413 1686 635 1764 Kireirbolfius,
664 1688 800 1765 Weilius,
829 1689 1001 1749 Diodorlius
1029 1689 1105 1748 liano
1133 1689 1266 1749 eodioum

141 1791 169 1847 Α
185 1790 214 1848 F
225 1791 401 1867 scripturam
424 1791 468 1850 illi
492 1809 581 1868 quarn
598 1791 745 1867 praebent
760 1789 862 1866 ceteri,
885 1775 1027 1869 κούκέτ’,
1049 1791 1268 1868 praetulerunt,

140 1893 295 1953 Porsonus
317 1893 495 1970 particulam
519 1911 579 1952 non
603 1893 741 1953 omissam
765 1911 829 1954 esse
853 1893 959 1954 dolens
983 1891 1220 1971 epraeoerlonte
1236 1892 1270 1952 Σ

141 1999 242 2055 natam
259 2014 324 2056 esse
347 1996 527 2072 suspicatur3
551 1996 742 2055 Hermanuus
764 2000 864 2055 autem
882 1998 956 2056 adeo
978 2014 1037 2054 non
1053 1996 1161 2072 probat
1176 2015 1264 2072 asyn-

141 2097 244 2174 deton,
267 2102 381 2158 utnon
405 2098 499 2158 solum
523 2097 579 2157 hoo
595 2099 661 2158 loeo
685 2097 796 2175 quippe
820 2117 880 2174 quo
904 2100 1037 2157 narratio
1054 2096 1198 2176 ordiatur,
1221 2102 1265 2158 to·

140 2199 230 2259 lerari
254 2218 343 2277 posse
366 2203 465 2276 neget,
487 2199 539 2258 sed
556 2200 643 2260 etiam
660 2199 842 2260 Graecorum
860 2198 1071 2259 consuetudini
1094 2217 1265 2277 repugnare

141 2301 221 2361 dieat
245 2301 315 2379 nqui
339 2301 446 2362 fortius
468 2301 638 2361 affirmandi
661 2319 753 2362 eausa
775 2300 898 2362 eandem
917 2296 1073 2362 'notionem
1097 2321 1152 2379 per
1175 2319 1265 2379 nega·

141 2405 251 2465 tionem
275 2405 416 2464 contrarii
445 2423 511 2463 oum
539 2405 648 2482 oopula
675 2403 843 2482 repetunt.“
891 2405 931 2465 At
959 2403 1098 2464 conferas
1126 2403 1263 2481 asyndeti

142 2507 230 2568 buius
252 2507 372 2586 generis
394 2509 611 2585 augmentativi
635 2527 713 2585 quae
736 2507 908 2585 collegimus
931 2508 1075 2585 exempla.

227 2655 314 2722 750:
342 2654 375 2719 τί
399 2655 532 2740 στρέφοι
554 2651 652 2735 τάδε;

225 2781 316 2840 Reate
338 2782 501 2860 Porsonus,
524 2783 725 2860 Romaanus,
743 2781 933 2842 Weilius'nlii
958 2800 1063 2842 rocem
1079 2776 1112 2840 τί
1135 2783 1264 2842 retinue-

141 2889 220 2962 runt,
241 2885 412 2947 aNauekio
435 2887 464 2946 in
480 2891 543 2944 ποῖ
565 2891 721 2956 mutatam
745 2905 842 2964 nequo
866 2885 1018 2946 reiecerlm
1037 2887 1136 2946 Weilii
1151 2884 1261 2946 versio·

142 3001 220 3047 nom:
246 2988 414 3072 „pourquoi
437 2993 561 3048 tourner
583 2993 613 3048 et
634 2992 793 3048 retourner
816 3007 864 3048 ees
880 2989 1029 3066 pensiles?
1052 3005 1110 3065 que
1133 3007 1179 3049 une
1200 2993 1263 3048 sort

141 3089 178 3149 de
200 3087 379 3151 refleehir?“

225 3237 306 3304 8t5=
333 3233 375 3303 τὰ
397 3228 431 3304 δ’
449 3231 536 3302 ἄλλα
558 3228 690 3322 θάρσει·
713 3231 813 3304 πάντ’
829 3231 895 3323 ἐγώ
916 3234 1016 3323 θήσω
1037 3241 1159 3316 καλῶς.

225 3363 358 3425 Adnotat
380 3365 584 3424 Hormanuus:
621 3366 777 3437 „Dubitari
805 3371 919 3443 potest,
946 3385 985 3426 au
1014 3371 1146 3442 praestet
1168 3367 1261 3426 iuter-

141 3465 233 3542 pnngi
257 3449 300 3524 τὰ
319 3450 348 3524 δ’
365 3454 460 3538 ἄλλα,
483 3453 612 3544 θάρσει,
636 3452 735 3526 πάντ’
751 3458 816 3546 ἐγώ
838 3457 933 3547 θήσω
948 3466 1070 3541 καλῶς,
1094 3469 1175 3550 quod
1198 3470 1260 3546 pla·

142 3567 201 3629 nuit
222 3567 354 3647 Reiskio,
376 3567 515 3629 Elmsleio
538 3568 576 3628 ad
598 3569 676 3631 Med.
692 3575 751 3632 301
776 3575 806 3631 ot
827 3569 1015 3632 Sohaelero.“
1062 3573 1169 3649 Neque
1182 3569 1260 3646 {voro

142 3669 197 3731 boo
219 3672 395 3750 acceperim.

224 3818 371 3888 Orestes
394 3817 547 3898 sesqua

314 3918 463 4008 ἐγὼμὲν
485 3913 629 3999 ἄϋπνος,
651 3915 818 4005 πάρεδρος
841 3914 954 4007 ἀθλίῳ
977 3927 1096 4010 νεκρῷ,

313 4021 432 4110 νεκρὰς
454 4019 516 4108 γὰρ
539 4011 640 4100 οὗτος
662 4013 788 4088 οὕνεκα
810 4028 948 4109 σμικρᾶς
970 4030 1093 4112 πνοῆς,

314 4123 439 4194 θάσσω.

223 4255 330 4314 Mirum
354 4251 474 4312 ridetur
505 4249 723 4312 llirobboffium
750 4242 1016 4314 veronostram
1042 4255 1081 4316 ab
1103 4254 1259 4316 adieetiris

142 4343 270 4428 ἄϋπνος
291 4347 460 4438 πάρεδρος
486 4357 655 4416 seiunctum
679 4352 739 4432 legi
762 4355 904 4432 voluiss03
935 4375 1002 4418 nam
1026 4377 1086 4420 aon
1109 4357 1178 4420 huto
1205 4359 1258 4420 sed
