3040 4832
227 362 269 425 78

228 537 387 600 Phaedrae
409 525 648 615 ἑξειργύσμεθα
670 531 839 614 (periimus)
868 540 1004 615 spectare
1031 535 1113 596 dioit.
1156 536 1255 598 Seouti
1279 540 1359 598 sunt

227 641 390 716 Porsonus‚
412 640 612 717 Hermannus,
627 639 686 700 alii.
731 638 877 716 Equidem
895 639 1046 715 vulgatam
1062 640 1188 717 retineo,
1208 639 1357 717 quoniam

228 743 340 820 Oneon,
369 761 436 802 oum
464 744 602 804 nuntium
628 743 792 803 audivisset
819 743 965 803 loentum:
996 721 1030 801 Ὠ
1052 731 1155 813 τάλας
1176 731 1256 820 ἐγώ,
1285 726 1358 800 τίν’

229 839 314 904 sinor
336 841 454 923 μῦθον
476 831 497 923 ἢ
519 839 614 916 τίνας
638 835 777 924 λόγους
806 845 931 922 eiusque
954 845 1068 906 uultum
1092 845 1267 922 respiceret,
1295 861 1357 904 suo

227 948 292 1008 iure
314 947 447 1025 profiteri
471 949 580 1025 potuit:
614 933 797 1026 o'r'xopeod'·
829 930 892 1006 οὐκ
923 932 1157 1024 εὐπροσώποις
1180 940 1358 1027 φροιαίοις

227 1037 319 1129 ἄρχει
342 1039 453 1129 λόγου.

313 1213 436 1299 Suppl.
450 1213 533 1284 491:
548 1215 655 1301 χαίρει
668 1215 704 1280 δὲ
715 1210 869 1300 πλούτῳ·
885 1207 980 1282 ταῦτ’
993 1206 1133 1298 ἀφέντες
1149 1212 1181 1280 οἱ
1194 1215 1334 1280 κακοί..
1349 1265 1359 1282 .

312 1342 486 1420 Aptissima,
514 1345 548 1400 nt
570 1342 701 1402 brevitor
723 1343 780 1404 hoo
802 1361 953 1420 moneam,
979 1342 1226 1403 Wilamonituius
1255 1345 1355 1402 totum

226 1445 307 1504 hnno
328 1443 425 1504 loonm
449 1444 606 1520 scripsisse
629 1443 760 1506 videtur:

329 1577 379 1627 488
402 1549 472 1642 ὅσῳ
496 1556 532 1621 δὲ
554 1557 707 1642 πολέμου
729 1570 885 1642 κρεῖσσον
908 1554 1022 1644 εἰρήνη
1045 1561 1196 1642 βροτοῖς,

401 1653 435 1744 (ἢ
458 1662 578 1744 πρῶτα
600 1659 662 1744 μὲν
683 1655 851 1726 Μούσαισι
872 1656 1138 1746 τροςφιλεστάτη

403 1765 560 1828 Ποιναῖσι
582 1753 612 1827 d⁹
628 1759 744 1849 ἐχθρά,
766 1763 924 1849 τέρπεται
947 1756 977 1827 d'
993 1754 1159 1851 εὐπαιδίᾳ,

399 1864 504 1948 χαίρει
520 1863 556 1929 δὲ
570 1857 723 1950 πλούτῳ)
745 1856 839 1930 ταῦτ’
856 1857 995 1949 ἀφέντες
1017 1862 1050 1930 oi
1067 1865 1166 1930 κακοί
1181 1915 1187 1928 .
1203 1914 1233 1930 ..

226 2036 373 2118 ύθΒεο.ι
703 2033 873 2122 σφαλερὸν
892 2027 1026 2123 ἡγεμών
1048 2033 1175 2123 θρασύς

400 2134 485 2217 νεώς
506 2162 544 2204 τε
566 2134 705 2225 ναύτης·
729 2131 850 2226 ἥσυχος
872 2143 981 2227 καιρῷ
1004 2137 1117 2223 σοφός.

311 2283 568 2360 Wiiamowituius,
594 2302 650 2355 „ne
673 2284 701 2343 iu
726 2287 878 2360 posterum
903 2303 988 2344 error
1010 2281 1262 2364 propagaretnr‘,
1285 2303 1355 2344 ver·

226 2404 277 2446 sus
300 2387 341 2446 ita
364 2387 564 2463 interpunxit:

683 2461 856 2550 σφαλερὸν
876 2454 1009 2550 ἡγεμών
1031 2458 1173 2551 θρασύς·

400 2562 486 2645 νεούς
509 2591 546 2632 τε
569 2562 692 2654 ναύτης
712 2561 851 2653 ἥσυχος,
873 2573 981 2656 καιρῷ
1004 2564 1118 2651 σοφός.

313 2693 395 2754 Haeo
410 2695 488 2754 enim
510 2693 620 2755 dixisse
643 2695 830 2772 Euripidem:
864 2697 911 2768 „in
927 2695 1054 2756 andacia
1074 2695 1159 2756 dnois
1182 2696 1351 2774 perieulum

225 2797 313 2873 inest;
345 2795 396 2874 qui
423 2797 602 2873 tranquillus
631 2813 695 2858 esse
723 2799 800 2858 solet
827 2799 1011 2875 guberuator
1039 2801 1215 2876 tempestate
1243 2799 1353 2860 oborta

226 2901 324 2960 animo
348 2918 408 2960 nou
432 2899 606 2960 destituitur
632 2904 722 2978 atque
746 2901 961 2978 inprudentia
988 2902 1088 2962 hercle
1109 2919 1182 2962 vera
1204 2899 1351 2964 fortitudo

226 3001 330 3064 inest.“
377 3002 435 3066 Sed
459 3004 531 3081 quid
546 3008 664 3082 poetam
681 3006 877 3066 commovisse
892 3005 1059 3084 credamus,
1081 3009 1115 3066 nt
1136 3006 1263 3083 primum
1284 3008 1350 3086 qui·

226 3106 291 3167 dem
308 3108 526 3184 pronuntiaret,
549 3107 633 3168 duois
648 3108 803 3168 audaciam
827 3127 892 3170 esse
915 3110 1124 3186 periculosam,
1147 3113 1208 3168 tum
1232 3107 1351 3170 diceret

226 3209 457 3286 gubernatorem
480 3210 672 3284 tranquillum
702 3211 788 3270 etiam
818 3211 1047 3288 intempestate
1074 3210 1228 3290 sapienter
1250 3229 1351 3288 agere,

226 3316 387 3390 utrumque
421 3311 478 3371 hoo
512 3312 654 3372 orationis
688 3313 850 3372 membrum
885 3314 1034 3390 partionis
1067 3307 1104 3372 τέ
1136 3315 1349 3390 coniungens?

226 3413 305 3488 Quid
328 3413 485 3474 credamus
512 3420 631 3492 potitam
653 3433 713 3474 uon
736 3413 915 3475 remansisse
942 3415 972 3474 in
995 3415 1123 3494 imagine
1146 3417 1197 3478 illa
1223 3434 1241 3475 a
1263 3416 1349 3476 ducis

228 3515 353 3577 audacia
366 3516 495 3594 repetita
510 3515 560 3594 ita,
575 3520 608 3576 ut
622 3518 750 3594 primum
767 3516 804 3578 de
816 3517 892 3577 dure
903 3518 1010 3578 sudaei
1025 3522 1078 3579 aut
1093 3518 1131 3579 de
1143 3517 1229 3579 nimis
1241 3518 1348 3579 sudaei

227 3623 288 3678 tum
313 3619 350 3680 de
373 3619 450 3680 duee
471 3618 579 3680 audrei
606 3619 657 3680 sed
680 3620 767 3680 etiam
790 3620 917 3698 sapienti
945 3621 1142 3700 loqueretur?
1178 3623 1225 3682 An
1248 3621 1272 3682 si
1294 3641 1348 3700 gu·

226 3719 415 3782 bernatorem
438 3721 580 3784 inducere
596 3721 710 3794 uoluit,
741 3741 795 3782 our
821 3724 920 3782 statim
949 3724 1033 3785 nobis
1056 3724 1249 3802 tranquillum
1277 3729 1348 3784 ante

227 3825 329 3886 oeulos
351 3825 445 3903 ponit,
466 3844 532 3886 oum
555 3831 646 3886 autea
668 3844 727 3888 non
750 3825 808 3886 nisi
831 3824 868 3886 de
890 3827 997 3887 audaoi
1017 3828 1194 3906 imperatore
1217 3827 1348 3888 dixerit?

227 3927 312 4001 Quae
334 3928 515 3990 offensiones
537 3947 640 3990 omues
662 3929 903 4007 interpunctione
919 3931 1038 4008 vulgari
1060 3932 1177 3990 retenta
1191 3929 1347 3992 tolluntur.

227 4031 304 4090 Nam
327 4033 389 4092 tum
412 4030 534 4092 verbum
558 4020 728 4110 σφαλερόν
750 4037 781 4094 et
803 4031 841 4092 de
863 4032 940 4094 duee
963 4037 993 4094 ot
1016 4030 1053 4094 de
1070 4032 1279 4109 gubernatore
1301 4033 1347 4094 di·

227 4133 311 4200 oitur¹
333 4151 433 4211 neque
461 4134 558 4194 minus
586 4134 678 4194 verba
705 4118 828 4212 ἥσυχος
854 4131 962 4214 καιρῷ
989 4123 1093 4210 σοφός
1123 4136 1160 4198 ad
1186 4141 1347 4214 utrumque

226 4236 324 4296 virum
346 4234 528 4315 referuntur,
550 4237 602 4314 qui
623 4238 699 4298 alter
722 4238 752 4297 in
774 4256 876 4316 pugna
897 4239 974 4298 alter
997 4239 1026 4300 in
1048 4240 1122 4300 mari
1145 4257 1272 4316 aequam
1296 4238 1346 4300 de·

226 4339 277 4404 bet
298 4339 388 4400 rebus
410 4340 439 4400 in
463 4339 566 4402 arduis
588 4357 708 4402 seruare
730 4346 866 4402 mentem.
