3040 4832
237 359 284 454 ss
367 375 371 385 ·

234 535 358 598 similius
381 553 446 596 esse
469 534 541 595 dioit
573 537 693 608 „Ionem
723 536 790 595 illas
812 553 861 595 res
884 535 1002 596 additas
1025 555 1091 596 esse
1120 536 1224 596 infanti
1249 537 1356 598 miran-

232 642 291 698 tem
315 639 508 716 interpellare
532 639 685 714 Creusam,
707 643 741 699 ut
763 639 959 716 paedagogus
982 639 1109 699 eandem
1132 640 1304 718 interpellat
1326 643 1357 700 ln

232 761 261 802 v.
282 747 372 814 1012,
403 745 492 820 atque
520 743 706 820 interrogare
736 761 802 802 eum
830 742 915 802 hisne
943 742 1093 802 educandi
1120 742 1233 803 fuerint
1262 747 1356 820 pueri,

233 844 382 905 offirmare
412 853 512 904 antem
540 845 619 904 illam
646 845 704 904 hoo
732 846 856 922 eiusque
879 845 921 904 rei
946 863 1037 905 eausa
1060 847 1101 905 uti
1125 845 1177 906 iila
1198 847 1356 923 particula,

233 966 323 1024 quem
346 948 452 1008 aientis
476 964 542 1007 esse
571 965 657 1007 nemo
681 945 825 1023 ignorat.“
872 947 978 1025 Itaque
1001 949 1144 1025 proponit
1166 950 1213 1008 vir
1236 949 1356 1010 doetus:

232 1069 283 1109 nn
303 1049 369 1108 KP.
390 1038 555 1127 δράκοντε
578 1037 735 1128 καρχάρω
757 1065 793 1127 χε
815 1036 998 1128 παχχρύστο
1021 1044 1123 1128 γένυν

386 1136 508 1230 ὄσῖρημ)
521 1136 664 1223 Ἀθάνας
682 1181 724 1192 -—
741 1149 799 1210 [st.
822 1169 843 1231 η
857 1137 947 1211 τέκν’
959 1145 1147 1230 ἐντρέφειν;
1167 1148 1251 1232 λέγε.

306 1256 367 1315 KP.
387 1240 598 1334 Ἐριχθονίου
620 1271 657 1334 χε
679 1251 741 1314 τοῦ
760 1243 865 1313 πάλαι
886 1243 1064 1334 μιμήματα.

232 1360 281 1438 At,
302 1363 336 1418 ut
359 1359 396 1418 de
413 1359 477 1418 aliis
493 1359 707 1418 mutationibus
730 1375 790 1419 non
813 1358 919 1430 dicam,
942 1359 1012 1418 mihi
1035 1358 1114 1419 omni
1135 1357 1224 1419 modo
1246 1360 1354 1419 sticho·

232 1463 363 1538 mythiae
386 1461 458 1522 ordo
482 1461 601 1521 videtur
624 1462 827 1522 restituendus
850 1479 923 1521 esse.

317 1609 447 1678 Helen.
464 1609 528 1676 325
539 1626 616 1691 ουκ

409 1701 557 1796 ὅθενπερ
581 1707 802 1792 sinentem,
825 1703 959 1798 τάληθῆ
981 1707 1106 1797 φράσαι
1227 1699 1229 1708 1

405 1806 515 1898 ἴχουσ’
531 1813 567 1880 ἐν
589 1813 695 1892 οἴκοις
715 1815 835 1895 τοῑςδε,
857 1816 890 1879 τί
912 1815 1044 1894 βλέπεις
1065 1810 1201 1900 πρόσοο;

317 1943 445 2002 Multum
456 1941 513 2000 viri
520 1940 599 2000 docti
612 1941 801 2012 studuerunt
813 1943 846 2000 ut
858 1939 1047 2002 difficultates
1059 1959 1136 2018 quse
1148 1941 1249 2002 verbis
1260 1926 1355 2022 τάλη-

230 2041 279 2122 θῆ
299 2033 423 2122 φράσαι
444 2029 551 2120 ἴχουσ
568 2034 605 2100 ἐν
620 2035 727 2114 οἴκοις
746 2036 855 2112 solerie
875 2043 987 2120 insunt,
1006 2048 1225 2104 amoverentur.
1255 2044 1355 2104 Heim·

231 2146 364 2208 soethius
385 2143 510 2224 μαθεῖν
525 2146 636 2221 scribit,
657 2144 866 2211 Kirohhoifius
888 2149 958 2222 post
973 2135 1097 2224 φράσαι
1118 2147 1242 2222 gravius
1263 2146 1355 2207 inter-

231 2250 350 2327 pungit,
371 2247 530 2308 Nsuokius
552 2248 610 2308 hoo
625 2249 786 2326 accipiens,
809 2266 847 2308 ne
870 2238 992 2325 ἔχουσα
1015 2248 1131 2308 obieoto
1147 2253 1257 2326 eareat,
1278 2239 1354 2329 τήν·

232 2345 268 2411 δε
294 2355 398 2412 mntst.
442 2353 482 2410 At
510 2351 676 2428 respiciens
703 2351 734 2410 in
757 2350 857 2410 verbis
883 2335 1018 2430 τάληθῆ
1037 2335 1172 2429 ιφράσοι
1201 2352 1264 2411 sive
1287 2370 1353 2411 oum

229 2454 424 2532 sequentibus
446 2453 668 2529 coniungantur
691 2455 755 2512 sive
778 2472 847 2530 non,
869 2453 989 2528 offendi,
1011 2454 1104 2514 verbs
1125 2457 1224 2514 sutem
1250 2446 1288 2514 ἐν
1308 2446 1355 2513 οἴ-

229 2573 302 2626 κοις
323 2548 431 2626 tonos
454 2557 544 2632 plane
566 2574 792 2633 supervacanee
815 2573 882 2616 esse
898 2585 938 2595 -
954 2574 1022 2616 nam
1043 2556 1208 2618 Theonoen
1229 2556 1268 2616 ibi
1285 2576 1353 2618 ver·

230 2658 289 2720 sari
312 2659 370 2717 inm
393 2675 453 2718 ves.
469 2661 606 2734 317sqq.
628 2657 792 2718 indicatum
815 2661 889 2730 erat,
913 2675 979 2716 eum
996 2657 1138 2716 suaderet
1154 2659 1279 2718 ohorus:
1302 2650 1352 2717 ἐλ-

229 2745 328 2821 θοῦσ’
344 2752 377 2832 ἐς
399 2753 514 2832 οἴκους
538 2804 545 2818 .
569 2804 576 2818 .
601 2804 607 2818 .
631 2755 750 2818 πυθοῦ
776 2745 925 2839 θεονὸης
946 2789 988 2802 -·
1011 2760 1111 2820 faeere
1135 2779 1195 2820 non
1219 2779 1351 2839 possum,

229 2866 302 2942 quin
332 2863 594 2941 interpolationem
626 2880 691 2923 esse
723 2866 834 2940 putem.
878 2861 1046 2924 scribamus
1068 2863 1170 2938 igitur:
1204 2847 1353 2942 ὅθενπερ

229 2959 308 3028 εἴσει
328 2955 459 3026 πάντα·
482 2960 516 3025 st
538 2958 669 3040 βλέπεις
691 2954 826 3044 πρόσω;

314 3113 465 3196 mose:
810 3164 813 3168 -

382 3206 479 3301 φεῦγ’
490 3205 536 3292 ὡς
549 3211 689 3299 τάχιστα
707 3207 798 3300 τῆςιῖ
811 3205 1040 3298 ἄπολλαχθελς
1056 3211 1197 3300 χθονός·

381 3324 484 3384 θανεῑ
504 3309 589 3401 πρὸς
612 3309 734 3402 ἀνδρός
758 3305 801 3382 οὗ
822 3306 896 3381 τάδ’
912 3314 981 3382 ἐστὶ
1004 3313 1148 3401 δώματα.

315 3444 420 3506 anke
443 3443 568 3524 (Legem
584 3444 814 3522 stichomythise
836 3443 943 3521 quibus
959 3446 1126 3506 rationibus
1148 3445 1354 3506 observaverit

229 3549 398 3626 Euripides.
421 3547 574 3608 Rostoohii
592 3549 683 3620 1875,
697 3567 726 3624 p.
740 3549 778 3608 19
788 3543 866 3624 sqq.)
890 3545 1106 3608 demonstravit
1121 3567 1239 3608 versum
1256 3553 1354 3626 poste·

228 3653 337 3712 riorem
364 3664 432 3712 ‘esse
462 3649 636 3724 delendum,
667 3669 727 3710 non
756 3649 902 3728 priorem,
931 3669 1019 3728 quem
1048 3649 1284 3711 Vslokeneerius
1316 3669 1353 3712 ex

227 3755 341 3816 Phoen.
358 3757 419 3816 972
443 3755 559 3814 illatum
582 3757 712 3831 putarat.

313 3899 551 4088 ΙΜῖἴιῖλῖχσθέ
564 4024 631 4086 μοι,
646 4002 734 4082 θεοί,
748 3995 863 4068 πολλὰ
875 3993 989 4089 χρήστ’
1001 4000 1084 4087 ἐμοῦ
1099 3998 1215 4070 κλύειν

381 4107 437 4172 καὶ
461 4101 584 4191 λυπρά.
745 4101 751 4114 “

255 4223 258 4229 ’
313 4234 413 4295 Verba
434 4233 499 4294 vitii
521 4236 555 4293 nt
578 4231 618 4292 sit
640 4231 814 4294 Dindorfius
836 4235 990 4312 strepente,
1019 4233 1060 4293 its
1082 4234 1252 4295 emendavit
1274 4235 1352 4296 Her·

227 4353 361 4409 mannus,
383 4340 417 4396 ut
439 4335 598 4396 scriberet:
629 4329 798 4416 κέκλησθέ
817 4351 875 4414 μοι
903 4328 981 4395 θεοὶ
1003 4322 1119 4396 πολλὰ
1145 4320 1257 4418 χρήστ’
1277 4329 1351 4416 ἐμοὶ
