3040 4832
248 356 289 420 88

247 515 311 590 τίν’
328 514 469 615 ἀπορῶν
491 517 580 610 εύρω
602 521 731 610 πόρσν;
753 549 851 610 neque
868 532 965 592 miuus
985 533 1151 609 scripturae
1169 530 1283 618 Weilii:
1306 519 1370 593 rto*

248 621 389 713 ἀπόρων
410 618 497 714 edom
518 621 646 714 πόρον,·

333 765 416 832 652:
442 755 507 831 σύκ
530 757 594 832 oie'
609 755 662 832 ότι
684 761 755 850 φῄς,
779 756 843 832 ούκ
859 761 945 846 οἶδα,
968 757 1099 850 φίλτατ’
1113 766 1187 851 ἐμοὶ
1208 764 1324 852 πάτερ.
1432 765 1436 774 '

334 891 364 952 Si
388 892 509 969 quidem
534 893 642 952 bacin
665 893 802 953 codicum
818 894 968 970 scriptura
991 893 1156 971 quidquam
1178 893 1231 954 tibi
1255 897 1370 974 mutan-

248 997 317 1058 dum
339 994 469 1071 videtur,
491 997 655 1088 Hermauni
672 997 889 1056 coniecturam:
912 980 974 1056 ούκ
997 981 1073 1056 οἶδά
1093 980 1122 1055 σ’
1136 979 1190 1056 ότι
1212 987 1275 1074 φῄς
1298 992 1369 1072 olt-

246 1083 331 1174 τατ’,
352 1082 415 1157 oda
437 1082 689 1178 σῖδ’,ώπότερ,Ι
709 1099 776 1160 aliis
799 1099 887 1176 longe
910 1099 1074 1178 praeferas.
1118 1099 1245 1162 Omnino
1269 1105 1368 1183 autem

247 1203 374 1279 erravit,
406 1203 435 1262 ni
465 1199 564 1274 fallor,
592 1202 718 1263 Woilius
748 1217 934 1282 proponens:
967 1186 1031 1262 ούκ
1060 1190 1138 1262 οἶδά
1166 1185 1202 1272 θ’
1225 1187 1278 1262 ότι
1306 1191 1368 1279 φῄς

124 1319 125 1323 ’
246 1291 345 1363 κοῖόα
369 1347 376 1362 .
401 1347 407 1361 .
433 1348 440 1362 .
467 1321 489 1380 .;
512 1303 622 1364 talibus
645 1305 723 1364 euim
739 1305 838 1365 verbis
857 1305 930 1366 solis
952 1306 1184 1382 Agamemnonis
1200 1307 1368 1384 responsio-

247 1425 315 1468 nem
339 1425 504 1484 congruere
526 1409 619 1484 putat.
663 1407 735 1466 Mihi
758 1406 975 1468 sententiarum
990 1425 1147 1468 connexos
1168 1408 1217 1480 hic
1240 1425 1308 1470 esse
1327 1407 1368 1468 vi·

247 1509 344 1568 detur.
387 1508 479 1584 Patri,
503 1509 554 1586 qui
578 1509 691 1569 frustra
706 1509 783 1569 filiae
798 1509 837 1570 de
852 1509 982 1572 lacrimis
997 1511 1058 1572 suis
1074 1511 1219 1570 sollicitae
1235 1512 1367 1572 animum
1476 1589 1478 1594 Ι

246 1611 359 1671 verbis:
380 1601 492 1690 μακρὰ
506 1600 570 1690 γὰρ
593 1594 674 1690 ἡμῖν
695 1593 854 1690 ἦ’πισῦσ’
875 1596 1022 1671 ἀπουσία
1043 1612 1219 1674 confirmare
1243 1613 1368 1690 studuit,

246 1713 413 1791 respondet
429 1715 593 1792 Iphigenia,
616 1732 648 1774 se
665 1715 787 1799 nescire·
803 1713 875 1791 quid
887 1714 954 1774 -sibi
969 1716 1051 1787 velit,
1074 1716 1116 1774 ita
1130 1715 1266 1776 indicans
1289 1715 1367 1775 hauc

247 1817 435 1876 lacrimarum
452 1835 571 1876 causam
587 1835 691 1876 veram
715 1834 747 1876 se
763 1836 823 1877 uon
839 1835 1016 1894 agnoscere;
1038 1817 1245 1894 Agamemnon
1267 1821 1366 1877 autem

247 1919 322 1980 haec
344 1911 481 1996 quamvis
501 1917 628 1978 obscure
643 1917 724 1978 diota
746 1918 837 1996 plane
861 1920 993 1979 sentiens
1015 1937 1115 1996 neque
1137 1919 1267 1996 amplius
1288 1920 1367 1978 veri-

246 2024 337 2080 tatem
360 2021 538 2082 dissimulari
561 2039 649 2097 posse
670 2019 858 2098 intellegens,
882 2021 1056 2082 confitetur:
1084 2021 1252 2082 Prudenter
1267 2021 1368 2082 locuta

247 2141 282 2184 eo
305 2125 399 2200 magis
422 2123 656 2184 misericordiam
680 2141 774 2184 meam
798 2143 975 2185 commoves.

246 2311 247 2314 ,
332 2253 437 2322 1185:
464 2249 581 2331 θύσεις
605 2253 640 2319 δὲ
661 2249 725 2340 τὴν
747 2246 840 2320 παῖδ’
843 2275 849 2290 ·
874 2251 958 2321 ἔνθα
980 2255 1074 2332 τίνας
1092 2245 1194 2339 χεύχόες
1216 2254 1316 2340 ἐρεῖς

308 2383 493 2442 ηΕὶιιισὶσίιιε
521 2380 692 2442 Marklandi
720 2381 816 2458 lphig.
839 2381 869 2442 iu
893 2381 961 2441 Aul.
990 2397 1149 2442 recensens
1176 2379 1302 2442 adnotat
1329 2381 1367 2440 ad

245 2486 325 2548 hono
352 2501 484 2546 versum:
521 2482 622 2556 „Read
649 2473 757 2555 θύσας
786 2477 822 2546 dd
848 2473 911 2563 σὴν
940 2469 1033 2544 παῖδ’
1055 2473 1126 2544 εἶτα
1152 2479 1247 2556 τίνας
1273 2467 1369 2563 εύχάς

246 2579 349 2666 spem
373 2633 378 2645 .
404 2633 442 2672 ·.·
467 2633 473 2645 .
497 2587 532 2646 ln
555 2588 606 2648 tbe
622 2605 750 2664 passage
773 2587 876 2648 before
891 2605 927 2648 us
941 2573 1051 2655 θύσας
1073 2589 1099 2648 is
1121 2593 1152 2652 to
1169 2589 1206 2648 be
1220 2587 1367 2666 interpre-

245 2690 312 2752 ted·
327 2679 385 2750 ἐὰν
412 2679 547 2765 adapes
601 2689 775 2750 Rectissime
806 2695 904 2752 autem
935 2689 1079 2750 Matthiae
1109 2691 1174 2751 viro
1204 2691 1367 2750 clarissimo

221 2861 223 2868 ¹
246 2811 414 2872 opponens:
435 2790 529 2868 ¹„st“,
543 2792 650 2868 iuquit,
668 2792 737 2868 „qui
754 2809 859 2869 preces
874 2791 912 2854 ad
929 2791 1001 2852 deos
1016 2791 1098 2868 facit,
1112 2791 1185 2854 facit
1199 2811 1250 2854 eas
1263 2780 1364 2852 θύων

243 2916 305 2958 nou
321 2885 443 2974 θύσας;
465 2895 523 2956 uid.
535 2895 612 2994 Hoc.
627 2897 690 2956 620
700 2912 744 2972 sq.
766 2895 854 2956 etsie
873 2913 918 2973 sq.
933 2915 961 2956 v.
977 2884 1117 2970 σφάζων
1133 2914 1193 2958 non
1210 2884 1365 2972 σφάξας.“

331 3026 475 3110 Fragm.
495 3025 578 3111 362,
595 3025 639 3093 38
651 3043 720 3107 sap:

346 3182 350 3188 .
398 3121 461 3217 τὴν
483 3122 546 3194 oda
568 3123 651 3214 ἐμὴν
673 3113 735 3194 οὖν
756 3123 848 3214 πλὴν
866 3123 964 3210 φύσει
987 3124 1085 3194 δώσω
1108 3124 1214 3216 κόρην
1298 3159 1299 3164 ’

266 3223 294 3264 ,·
398 3235 502 3298 θῦσαι
523 3227 591 3317 πρό
615 3232 719 3315 γαίας,
1133 3229 1134 3232 ’

331 3359 615 3438 Nonacquiescens
630 3359 659 3417 iu
676 3357 825 3434 particula
837 3335 899 3416 σύν
914 3357 1069 3434 aNagelio
1085 3355 1191 3420 versus
1207 3357 1367 3434 supplendi

247 3481 339 3524 causa
351 3461 454 3522 addita
471 3459 633 3522 lleklerius
649 3459 832 3536 (Euripides.
848 3460 935 3520 Wieu
950 3463 1039 3532 1879,
1056 3479 1125 3539 pag.
1138 3465 1177 3524 27
1187 3458 1243 3539 sq.)
1259 3461 1368 3538 optime

246 3566 400 3644 proponit:
422 3553 487 3642 τὴν
508 3549 619 3623 σύκέί
643 3548 731 3642 ἀμὴν
751 3551 843 3642 πλὴν
857 3548 955 3637 φύσει
975 3548 1074 3622 δύσω
1088 3553 1205 3644 κόρην,
1227 3563 1366 3641 quoniam

246 3669 427 3731 Praxitheae
442 3667 502 3727 filia
516 3667 631 3744 patriae
646 3665 746 3728 dedita
766 3667 830 3728 iure
846 3667 979 3728 uoniam
995 3667 1098 3726 matris
1114 3668 1161 3728 sit.
1190 3665 1367 3744 Asyudeton

247 3774 304 3834 hac
318 3773 434 3833 ratione
455 3774 553 3832 ortum
576 3770 701 3830 oonsilio
722 3772 840 3845 poetam
856 3769 1036 3850 adhibuisse,
1059 3771 1171 3848 quippe
1193 3788 1255 3846 quo
1277 3787 1367 3847 quam

247 3876 365 3936 maximi
388 3876 528 3936 momenti
555 3873 650 3934 oratio
673 3871 771 3949 tieret3
798 3872 1020 3934 conclusionem
1049 3871 1135 3932 nobis
1162 3889 1195 3931 se
1221 3871 1368 3950 praebere

247 3995 336 4037 versu
348 3980 387 4038 41
405 3978 537 4054 exponit.
567 3971 682 4049 Quibus
699 3975 798 4034 causis
813 3974 883 4034 mibi
895 3965 1014 4051 quidem
1031 3972 1181 4050 persuasit
1195 3973 1241 4034 vir
1253 3971 1368 4042 doctus,

247 4078 416 4142 felicissime
439 4059 535 4149 locum
559 4096 625 4140 esse
648 4079 827 4148 restitutum.
