3040 4832
250 373 290 434 70

249 547 347 608 verbis
370 547 536 625 respondet
558 546 649 608 choro
666 549 837 626 quaerenti:
861 531 948 605 oliti
962 553 1099 606 κτανεῖν
1114 537 1162 606 ool
1178 541 1279 606 παῖδε
1297 545 1386 606 τολ-

197 633 201 642 ’
248 636 373 731 μήσεις,
404 639 521 729 privam
551 651 622 710 satis
649 667 801 728 superque
832 651 1056 727 cognoscimus,
1087 651 1167 710 solas
1197 649 1234 710 de
1261 649 1387 709 iniuria

250 757 374 830 accepta
403 757 434 814 et
463 752 634 814 ulciscenda
664 754 861 830 cogitationes
891 752 1016 814 Medeae
1044 755 1133 814 menti
1164 755 1279 830 inesse;
1317 771 1385 814 non

250 860 382 934 matrem,
405 855 458 916 sed
481 855 633 916 mulierem
658 854 805 916 furentem
829 855 997 934 aspicimus.

334 1021 415 1090 912:
448 1017 551 1106 ἔγνως
574 1021 610 1086 δὲ
632 1016 695 1105 τὴν
717 1024 874 1100 νικῶσαν,
898 1012 979 1086 ἀλλὰ
1001 1024 1050 1106 τῷ
1071 1015 1185 1106 χρόνῳ
1268 1066 1270 1072 ,

443 1115 587 1210 βουλήν·
608 1119 767 1208 γυναικὸς
782 1120 861 1210 ἔργα
876 1127 981 1190 ταῦτα
996 1121 1183 1208 σώφρονος.

334 1269 491 1331 Nanckios
518 1287 635 1329 versum
664 1270 790 1330 alterum
819 1268 979 1329 delendum
1002 1287 1067 1328 esse
1095 1271 1199 1346 putat,
1229 1268 1384 1346 quoniam

250 1374 320 1434 talis
343 1372 475 1450 cognitio
497 1390 686 1449 nequaquam
711 1371 844 1432 mulieris
859 1371 1004 1448 sapientis
1028 1388 1094 1431 csse
1116 1389 1215 1448 neque
1238 1389 1383 1448 unquam

251 1476 382 1554 cognitio
406 1464 505 1553 ἔργον
528 1474 675 1550 appellari
702 1475 813 1552 possit;
845 1475 935 1550 plane
959 1475 1058 1550 inepte
1080 1493 1098 1532 a
1120 1473 1218 1534 scriba
1240 1474 1383 1551 quodam

251 1579 409 1640 verborum
436 1563 457 1656 ἡ
484 1571 612 1635 νικῶσα
639 1569 691 1656 (sc.
717 1565 843 1654 γνώμη)
872 1595 944 1636 usus
974 1577 1111 1652 imperito
1142 1595 1208 1636 eum
1236 1575 1382 1636 additum

252 1701 326 1743 esse.
369 1682 491 1758 Tamen,
514 1683 547 1740 ut
569 1679 753 1756 Dindorfius,
776 1677 988 1749 Weckleinius‚
1011 1679 1157 1756 Prinnius‚
1179 1679 1228 1738 alii
1251 1698 1382 1739 versum

252 1785 382 1860 retineo;
412 1785 507 1844 minus
535 1783 612 1843 enim
639 1783 740 1842 vorbis
769 1770 929 1860 γυναικὸς
957 1771 1038 1860 ἔργα
1060 1775 1166 1839 ταῦτα
1194 1767 1384 1861 σώφρονος

252 1887 339 1946 lason
363 1905 406 1962 ea,
429 1904 505 1962 quae
529 1903 617 1945 versu
633 1885 734 1960 priore
757 1883 837 1958 dicit,
861 1903 948 1961 quom
970 1902 1002 1943 ee
1027 1883 1159 1961 respicit,
1182 1902 1260 1960 quae
1283 1904 1382 1946 versu

252 1993 312 2051 911
337 1988 477 2065 legimus:
500 1973 571 2046 ἀλλ’
587 1980 619 2058 ἐς
641 1977 680 2046 τὸ
697 1983 789 2066 λῷον
805 1975 866 2046 σὸν
888 1979 1094 2066 μεθέστηκεν
1110 1978 1199 2065 κεάρ.
1244 1985 1313 2060 Qua
1340 1987 1381 2048 de

252 2111 357 2153 sensus
374 2091 538 2152 mutatione
562 2092 666 2167 utpote
682 2090 718 2152 de
734 2084 815 2151 facto
839 2090 940 2150 dicere
962 2093 1090 2166 poetam,
1114 2091 1219 2150 mirum
1243 2107 1304 2150 non
1323 2098 1381 2150 est.

338 2239 446 2308 10642
474 2234 610 2316 κάντοος
632 2237 808 2322 πέπρωται
831 2241 948 2302 ταῦτα.

337 2369 420 2428 Haec
445 2363 480 2444 03
510 2385 703 2443 sequerere
730 2370 813 2427 recte
840 2365 1014 2425 Dindorfius
1043 2369 1208 2426 ceterorum
1237 2364 1378 2426 codicum

253 2472 430 2549 scripturam
447 2463 662 2548 (πέπρακται)
674 2470 853 2546 postposuit3
869 2488 935 2528 nam
952 2487 1010 2528 non
1025 2467 1147 2539 (flubium
1163 2471 1216 2540 est,
1232 2468 1305 2544 quin
1319 2486 1379 2529 suo

253 2574 317 2633 iure
340 2573 503 2634 Piersonus
524 2591 629 2632 versus
650 2572 726 2632 duos
749 2571 893 2632 deleverit
916 2590 952 2631 ex
968 2590 1060 2631 vcrss.
1079 2575 1214 2646 1240sq.
1230 2571 1378 2642 invectos,

253 2681 286 2736 nt
308 2676 472 2736 arctissime
494 2676 587 2736 verba
608 2663 744 2745 πάντως
766 2667 956 2753 πέπρακται
978 2670 1087 2732 ταῦτα
1110 2657 1176 2732 curn
1191 2675 1293 2735 verbis
1317 2659 1378 2734 οὔ·

253 2795 307 2838 τοι
330 2762 406 2838 κοτ’
422 2767 513 2837 ἔσται
536 2761 636 2836 τοῦθ’
652 2761 746 2848 ὅπως
769 2821 776 2835 .
801 2821 808 2836 .
833 2821 839 2835 .
863 2761 1006 2856 παρήσω
1029 2775 1260 2852 coniungantur.

340 2926 429 2994 1299
438 2943 507 3008 ειμι
523 2916 663 2992 πέποιθ’
672 2917 899 2991 ἀποκτείνασα
915 2920 1096 3009 κοιράνους
1110 2919 1238 3009 χθονὸς
1254 2915 1377 3012 ἀθῷος

255 3081 262 3096 .
288 3081 294 3096 .
320 3082 326 3096 .
350 3025 539 3112 φεύξεσθαι.

339 3155 512 3216 Dindorfius
541 3156 632 3216 hosce
660 3155 735 3215 duos
763 3173 867 3216 versus
896 3155 1015 3231 spurios
1043 3155 1201 3215 existimat.
1249 3151 1308 3214 seo
1338 3155 1378 3215 de

255 3257 470 3320 sententiarum
497 3276 635 3318 connexu
664 3277 724 3318 non
753 3258 931 3318 offendimur
963 3258 1079 3318 Iasonis
1107 3258 1200 3318 verba
1227 3243 1377 3334 legentes:

258 3359 411 3434 „Medeam
434 3363 486 3420 aut
508 3361 563 3420 sub
585 3365 696 3420 terram
721 3377 752 3419 se
776 3359 906 3420 condere
933 3360 1037 3419 autin
1061 3359 1155 3420 nobes
1179 3360 1299 3420 avolare
1323 3359 1376 3420 de·

255 3467 335 3537 bere,
358 3459 383 3523 si
405 3482 519 3542 poenas
543 3481 602 3522 non
619 3461 764 3533 solveret3
786 3480 825 3520 an
841 3467 948 3539 putare
964 3481 1028 3522 eam
1044 3481 1075 3523 se
1090 3461 1211 3540 impune
1226 3462 1375 3522 abituram

255 3564 371 3639 esse?“,
399 3585 496 3644 neque
524 3565 691 3642 particulae
718 3563 924 3642 interrogandi
952 3567 1079 3626 omissae
1106 3569 1219 3625 tantum
1243 3563 1375 3625 tribuen-

233 3670 323 3730 ,dum
348 3672 405 3744 cst,
432 3671 466 3728 ut
492 3665 731 3744 interpolationis
754 3667 871 3744 signum
900 3671 1047 3746 putemus.
1092 3665 1259 3743 Sequemur
1281 3666 1376 3743 igitur

254 3771 419 3849 Priuzium,
446 3771 507 3848 qui
524 3771 688 3831 Hermanni
712 3771 914 3830 coniecturam
945 3771 1109 3848 neglegens
1136 3757 1231 3846 εἰμὴ
1254 3759 1375 3848 τνράν·

254 3891 327 3934 νων
355 3857 486 3952 δώμαθ’
509 3866 564 3933 ἵνα
592 3861 692 3933 δοόσει
722 3865 820 3954 δίκην
847 3866 999 3933 πέποιθα
1030 3917 1036 3930 .
1067 3917 1074 3931 .
1103 3916 1109 3928 .
1137 3871 1280 3949 vulgatae
1310 3878 1375 3934 tex-

255 3984 317 4039 tum
341 3978 482 4039 servavit.

339 4126 485 4211 lllppol.
505 4125 588 4193 355:
616 4117 707 4207 ζῶσ·
731 4118 856 4210 ἐχθρὸν
870 4111 970 4211 ἦμαρ,
992 4119 1116 4208 ἐχθρὸν
1138 4123 1256 4210 εἰςοριῦ
1278 4121 1373 4208 φάος.

340 4253 427 4312 Haud
451 4253 558 4314 iniuria
581 4253 771 4313 Wheelcrum
794 4252 875 4312 hunc
898 4269 1016 4311 versum
1040 4251 1161 4312 eiecisse
1183 4271 1264 4323 recr·;
1287 4269 1372 4312 voca·

257 4359 360 4418 bulum
382 4357 458 4418 onim
482 4352 584 4431 ζῶσα,
606 4357 747 4434 quoniam
771 4355 859 4433 plane
875 4373 1131 4433 supervacaneum
1147 4355 1186 4416 sit
1209 4356 1374 4434 eodemque
