3040 4832
326 567 485 651 ἔφθιιρας
507 561 641 652 ἄνδρας]
666 565 722 634 διὰ
741 562 806 636 τιν’
822 563 941 638 'Idaion
964 569 1035 660 ἔριν

324 674 380 738 καὶ
401 669 463 760 τὴν
485 667 649 738 τάλαιναν
671 667 797 752 ὤλεσας
820 679 967 761 Φρυγῶν
989 673 1099 744 πόλιν.

150 801 214 861 dos
247 795 353 859 ΤΙΝΑ
381 795 546 860 ΙΔΑΙΑΝ
571 799 685 860 erklart
715 801 779 860 sich
812 799 866 862 das
896 802 1088 866 ilberlioierte
1119 801 1272 866 Prota!-

151 899 296 964 ΚΕΙΑΝ
317 901 434 964 lciclrt.“
481 903 522 962 At
549 921 581 962 re
603 921 713 964 verane
740 903 815 964 adco
843 903 881 965 de
907 905 964 966 hoc
992 905 1058 967 loco
1086 907 1271 969 restituendo

150 1003 370 1084 desperandum
387 996 454 1064 est?
491 1005 566 1064 Nam
591 1009 623 1064 nt
639 1024 699 1065 non
716 1005 810 1066 dicam
835 1005 1000 1068 Meklerum
1025 1009 1197 1070 coniectura
1220 1029 1271 1088 po·

150 1110 245 1170 ruisse
266 1104 341 1178 πῶς
356 1093 398 1168 οὐ
413 1124 468 1185 pro
485 1098 522 1167 ἕν
536 1117 599 1166 σου
621 1111 651 1170 et
664 1091 729 1166 τιν’
744 1094 863 1168 Ἰδαίαν
878 1129 934 1188 pro
950 1106 1155 1188 γυναικείαν,
1177 1113 1272 1172 verba

149 1213 200 1274 illa
222 1211 334 1286 addita,
356 1211 492 1289 quamvis
515 1215 602 1272 acute
625 1212 796 1289 excogitata
810 1213 878 1290 sint,
900 1213 1121 1290 probabilitatis
1142 1216 1271 1292 speciem

150 1316 214 1376 iere
238 1315 348 1374 nullam
371 1333 443 1394 prae
458 1332 490 1374 se
505 1313 616 1390 ferunt,
639 1333 736 1391 neque
753 1315 917 1376 ullomodo
941 1317 976 1375 iis
992 1335 1069 1394 opos
1085 1321 1138 1378 cst.
1177 1317 1272 1378 blnlto

151 1419 266 1480 lacilius
288 1419 384 1479 locum
407 1417 524 1478 restitui
547 1435 635 1495 posse
657 1417 786 1478 arbitror
808 1419 1009 1480 scribentibus
1032 1420 1131 1482 nobis:

324 1521 418 1616 ἡμεῖς
438 1529 499 1615 μὲν
521 1515 586 1596 οὖν
607 1531 746 1596 τοιοίδε·
770 1527 843 1618 τὴν
865 1531 901 1598 δὲ
923 1536 982 1618 σῆς
997 1530 1121 1618 φρενὸς

324 1629 442 1717 φύσιν
465 1633 613 1700 δέδοικα·
641 1629 695 1698 διὰ
718 1635 912 1718 γυναικείαν
935 1631 1006 1720 ἔριν

325 1737 381 1802 καὶ
403 1729 466 1822 τήν
487 1729 647 1804 τάλειναν
669 1729 795 1813 ὤλεσας
823 1742 969 1823 Φρυγῶν
990 1735 1102 1807 πόλιν.

151 1867 281 1944 Respicit
312 1867 389 1924 enim
419 1864 630 1924 Andromache
659 1864 696 1923 ad
724 1865 816 1924 verba
843 1865 894 1924 illa
921 1866 1036 1942 priora,
1066 1867 1175 1942 quibus
1201 1869 1274 1927 viris

151 1969 290 2030 mulieres
318 1973 422 2044 utpote
445 1967 555 2027 malnm
577 1973 731 2026 aeternnm
759 1969 896 2044 opponit,
929 1987 1055 2045 quarum
1079 1987 1177 2029 mores
1200 1989 1273 2030 nnn·

152 2091 239 2152 qnam
263 2072 307 2131 illi
328 2089 398 2132 snos
420 2069 522 2130 iacere
544 2069 680 2144 debcant,
704 2087 762 2129 ves.
779 2074 841 2132 354
852 2085 909 2148 sq.:

274 2176 348 2250 οὐδ’
371 2188 424 2268 (sc.
436 2179 522 2270 χρή),
545 2183 573 2249 εἰ
596 2184 751 2268 γυναῖκές
770 2182 867 2267 ἐσμεν
891 2175 1017 2268 ἀτηρὸν
1039 2182 1157 2264 κακόν,

276 2279 399 2372 ἄνδρας
421 2287 575 2372 γυναιξὶν
596 2284 835 2370 ἐξομοιοῦσθαι
858 2278 971 2368 φύσιν.

152 2416 250 2476 lronia
273 2417 372 2491 igitur,
395 2433 454 2492 qua
476 2414 611 2474 acerbior
633 2413 759 2490 cogitari
782 2431 841 2474 non
865 2417 973 2492 potest,
996 2415 1125 2474 Menelai
1144 2416 1273 2476 animum

154 2519 279 2580 maxime
303 2517 466 2578 timendum
483 2535 549 2578 esse
572 2516 653 2588 dicit,
676 2534 743 2576 cum
766 2516 848 2576 rixae
865 2516 1017 2576 muliebris
1040 2535 1131 2578 causa
1151 2517 1273 2580 Troiam

153 2623 254 2682 arbem
278 2623 413 2682 miseram
437 2619 543 2680 delens
570 2620 629 2680 iam
651 2619 725 2680 satis
754 2618 1017 2698 demonstraverit,
1043 2625 1188 2697 qnantum
1211 2622 1275 2698 ipse

154 2725 324 2786 mulieribus
352 2723 455 2784 similis
486 2723 584 2784 lactus
610 2727 698 2784 esset
747 2724 867 2801 Itaque,
897 2727 931 2784 nt
957 2723 1084 2784 alteram
1112 2724 1210 2786 locnm
1237 2725 1274 2786 ad

153 2830 277 2890 alterum
294 2829 445 2908 pertinere
461 2845 551 2905 quam
568 2827 733 2888 certissime
750 2845 976 2905 cognoscamus,
999 2821 1189 2906 γυνειιιείαν
1204 2817 1274 2906 ἔριν

153 2951 230 3010 qnae
246 2933 338 2992 verba
360 2931 448 2991 nimis
462 2949 540 3008 vaga
563 2928 714 2990 ldelrlerns
730 2929 809 3002 dicit,
832 2931 910 2991 omni
927 2929 1016 2990 modo
1036 2929 1194 2992 retinentia
1208 2947 1275 2991 csse

153 3037 223 3096 milri
244 3034 394 3095 videntur.

237 3189 395 3251 Nanclrins
417 3187 561 3266 proponit
583 3188 612 3247 in
636 3185 830 3246 adnotatione
853 3186 968 3246 critica:

303 3297 344 3368 τὸ
367 3301 524 3385 δυσμενὲς
547 3299 698 3365 δέδοικα·
722 3293 776 3363 διὰ
797 3311 940 3382 γυναῖκα
961 3289 1025 3383 γὰρ
1050 3350 1056 3364 .
1082 3349 1088 3364 .
1114 3347 1121 3361 .

195 3404 282 3470 948:
313 3395 332 3490 ἦ
354 3405 416 3488 μέν
436 3427 469 3468 τι
491 3403 714 3488 κερδαίνουσα
737 3403 937 3486 συμφθεὶρει
961 3401 1069 3486 λέχος,

306 3497 326 3592 ἦ
350 3499 380 3572 d'
397 3498 618 3586 ἀμαλακοῦσα
639 3516 816 3570 συννοσεῖν
837 3493 924 3586 αὐτῇ
946 3503 1049 3580 θέλει,

305 3609 431 3675 πολλαὶ
454 3607 489 3673 ol
510 3602 701 3692 μαργότητι.

238 3737 309 3799 Ocri
320 3733 341 3812 ¹)
365 3741 395 3796 et
417 3735 472 3795 hos
494 3739 524 3794 ct
546 3737 706 3810 sequentes
729 3749 835 3794 verens
858 3729 1032 3806 (etl-53)
1054 3729 1174 3806 spurios
1197 3747 1274 3790 amo·

153 3845 211 3902 vot
255 3839 312 3900 Sed
341 3857 408 3898 cnm
432 3837 554 3916 exponit
576 3838 623 3896 vir
645 3835 767 3898 doctus:
803 3835 869 3906 „Sic
896 3832 964 3894 aiod
992 3832 1064 3892 aber
1091 3833 1173 3892 nicht
1195 3832 1276 3894 bloss

156 3943 311 4018 unniitlaig‚
333 3941 463 4002 sondcrn
479 3939 557 4000 anch
573 3939 760 4016 nnpacsend3
783 3937 861 3996 denn
878 3935 926 3996 die
944 3937 1074 4011 Franco,
1096 3932 1188 3994 deren
1206 3935 1276 3994 Um·

155 4065 236 4124 gang
260 4047 312 4106 mit
334 4045 388 4104 der
404 4042 555 4106 liauslran
578 4041 644 4106 dem
664 4041 818 4102 eheiiohen
835 4037 931 4100 Glllclr
947 4036 1115 4116 geitbrlicb
1131 4037 1195 4098 scin
1212 4037 1276 4114 soll,

154 4149 220 4210 aiod
242 4148 339 4224 dario,
361 4148 417 4208 wie
439 4163 494 4208 ans
513 4147 630 4208 eli-9
654 4142 845 4224 berrorgcht,
868 4141 911 4202 als
928 4137 1184 4202 Verlllhrcrinneo
1208 4157 1276 4200 anm

154 4267 224 4274 ..μ-μ.

241 4267 361 4382 γουσι
380 4309 578 4380 lntcrpolatlon
597 4306 655 4362 und
668 4303 845 4376 Responslon
863 4302 892 4356 ln
911 4302 966 4358 den
984 4299 1153 4356 lamblrchco
1166 4301 1276 4356 Partlcn

154 4398 206 4452 der
229 4393 427 4452 Andromache
446 4395 497 4450 des
515 4393 674 4464 Euripides.
705 4391 797 4446 Berlin
819 4393 891 4444 1882.
