3040 4832
1229 343 1272 402 69

161 509 233 568 einer
261 509 492 587 ungesehiekten
524 512 751 588 Mrweiternng3
784 514 934 574 vieileioht
965 515 1005 574 ist
1036 520 1095 577 717
1127 535 1203 592 gana
1232 536 1271 578 uu

160 609 271 690 tiigsu“,
292 614 388 674 miuus
410 615 586 692 acceperim.
629 615 708 674 Nam
731 616 868 692 quamvis
882 609 1018 693 'poetam
1048 619 1148 695 paullo
1175 618 1272 680 fusius
1324 605 1327 612 ’

160 714 277 774 loentum
300 734 446 776 essenon
469 735 590 794 negem,
619 721 718 778 tamen
742 723 893 795 σπεῖραι,
921 718 1004 796 quod
1027 720 1126 780 estin
1150 739 1178 781 v.
1200 725 1271 801 718,

158 815 214 877 sine
234 817 347 878 obieeto
370 819 501 896 peritum
523 837 589 880 esse
612 837 671 879 non
696 819 883 899 crediderim,
906 840 967 899 qna
989 821 1027 882 de
1049 840 1140 882 eausa
1164 841 1273 886 versus

157 917 202 977 ilie
232 921 285 980 nisi
321 924 415 981 totum
450 925 622 1000 corruptum
653 927 740 998 putes
777 923 977 1002 leonnamque
1012 927 1147 984 statuere
1177 926 1273 1005 malis,

155 1020 235 1096 plane
249 1023 425 1085 retinendus
440 1024 510 1084 mihi
526 1024 655 1084 videtur.
692 1026 838 1100 Prinzius,
858 1027 891 1085 F.
907 1027 941 1088 (i.
957 1026 1152 1088 Sehmidtium
1173 1025 1272 1101 (Mine.

35 1176 40 1185 .
157 1125 215 1184 orit.
236 1126 438 1187 Neostrehtzii
457 1123 550 1203 1868)
574 1132 703 1206 secutus,
726 1121 763 1206 γε’
778 1147 832 1206 pro
849 1121 887 1187 δέ
901 1131 1013 1206 reoepit
1036 1129 1175 1208 idemque
1192 1133 1270 1192 Wei-

153 1229 217 1307 lins;
240 1230 291 1290 sed
307 1231 447 1306 quonium
463 1231 583 1307 assequi
600 1250 659 1291 non
676 1249 805 1309 possum,
825 1249 880 1292 σοι
895 1232 1030 1292 Medeam
1046 1233 1139 1294 verba
1153 1235 1269 1311 priora:

34 1353 35 1358 ¹
152 1319 272 1412 εὕρημα
300 1319 334 1392 δ’
349 1322 413 1392 οὐκ
436 1317 530 1394 οἷσθ’
546 1321 622 1394 οἷον
644 1321 785 1413 εὕρηκας
807 1323 885 1394 τόδε
913 1336 1095 1412 restringere
1118 1341 1268 1414 putemus,

152 1437 205 1496 hoo
227 1437 308 1496 nullo
331 1436 420 1496 modo
442 1436 631 1497 tolerandum
655 1455 722 1497 esse
744 1437 890 1498 existimo.

231 1583 309 1652 7481
332 1585 365 1650 τί
385 1585 494 1669 χρῆμα
518 1579 651 1670 δράσειν
672 1577 692 1670 ἢ
715 1585 748 1650 τί
769 1577 814 1670 μη
838 1580 992 1671 δράσειν;
1016 1587 1097 1672 λέγε.

230 1715 337 1774 'Potum
362 1715 441 1772 huno
463 1730 592 1788 versum,
615 1731 707 1790 quem¹
727 1712 855 1772 eundem
880 1713 976 1790 Iphig.
996 1715 1088 1774 Tanr.
1111 1718 1172 1776 738
1196 1715 1266 1794 legi·
1335 1796 1338 1804 Ι

150 1835 223 1888 mus,
245 1814 400 1875 Nanohius
427 1815 484 1874 hoe
507 1815 573 1874 loeo
596 1815 811 1893 interpolatum
834 1819 938 1893 putat;
966 1820 997 1875 at
1020 1816 1158 1876 Weilium
1181 1819 1266 1896 sequi

149 1919 240 1978 malim
264 1919 356 1978 verba
377 1937 437 1978 non
461 1935 526 1977 osse
551 1919 652 1995 spuria
675 1917 940 1978 demonstrantem.

229 2064 310 2131 7671
339 2066 403 2130 νῦν
426 2065 521 2143 ἐλπὶς
543 2061 686 2149 ἐχθροὺς
703 2056 788 2146 ,τούς
811 2061 911 2149 ἐμοὺς
932 2065 1036 2130 τίσειν
1059 2066 1156 2151 δίκην
1163 2091 1174 2144 ;

231 2191 407 2252 Partienlam
424 2184 470 2264 δέ,
493 2210 582 2268 quam
606 2191 671 2250 libri
694 2193 850 2268 praebent,
875 2191 1019 2252 Matthiae
1043 2191 1162 2252 delerit.
1205 2193 1267 2252 Ne·

147 2313 204 2370 qne
227 2313 298 2354 vero
321 2294 378 2354 hoo
401 2294 467 2354 loeo
491 2313 589 2371 neque
611 2298 680 2370 post
701 2311 820 2352 versum
839 2297 909 2372 767,
930 2294 960 2352 id
983 2293 1063 2371 quod
1085 2295 1179 2354 voluit
1193 2295 1267 2355 Tre·

147 2399 245 2472 piinns
267 2397 316 2469 (de
338 2397 514 2474 repetitione
537 2395 618 2474 apud
642 2395 816 2472 Euripidem
838 2414 991 2473 versuum,
1013 2396 1157 2458 Sehrimm
1176 2401 1268 2476 1866,

146 2519 213 2576 pag.
230 2499 289 2574 13),
312 2500 405 2560 verba
426 2498 478 2558 illa
500 2503 581 2558 reete
605 2499 676 2576 poni
700 2498 769 2558 mihi
793 2498 948 2574 videntnr;
971 2503 1002 2560 at
1024 2517 1089 2560 oum
1108 2499 1214 2560 Bothio
1238 2503 1268 2560 et

146 2601 262 2663 Prinzio
284 2600 467 2662 secludenda
489 2619 525 2660 ea
547 2601 685 2661 arbitror.

228 2747 295 2815 798
307 2766 379 2829 sq.:
405 2749 439 2813 τί
464 2769 521 2831 μοι
550 2749 611 2832 ζῆν
637 2748 773 2834 κέρδος;
796 2742 875 2814 οὔτε
897 2769 954 2832 μοι
980 2747 1102 2833 πατρὶς
1129 2739 1201 2814 οὔτ’
1222 2743 1267 2813 ol·

145 2845 202 2928 ιιός
225 2849 324 2918 ἐστιν.

229 2979 356 3038 Weilius
378 2977 548 3056 proposuit:
574 2969 607 3032 τί
629 2991 682 3032 τοι
708 2971 770 3052 ζῆν
792 2966 926 3053 κέρδος
957 2962 1046 3034 οἶσιν
1072 2959 1114 3034 ori
1135 2970 1266 3054 πατρίς,

146 3065 208 3140 οόιι
230 3069 323 3152 οἶκός
344 3071 446 3154 ἐστιν,
474 3062 537 3136 ουίι
560 3062 761 3155 ἀποστροφὴ
790 3073 922 3148 saneim
951 3096 1040 3155 quam
1064 3079 1265 3139 eonieotnram

146 3183 414 3244 Rauohensteinins
442 3181 541 3254 (Neue
564 3179 666 3240 Jahrb.
689 3178 739 3239 fiir
761 3179 867 3239 Philol.
893 3185 967 3257 111,
996 3183 1077 3242 1875
1101 3199 1169 3260 pag.
1188 3183 1262 3252 837)

146 3287 231 3348 vaide
252 3287 374 3366 probari
401 3286 488 3363 dioit,
517 3283 656 3362 quoniam
681 3303 756 3344 voee
779 3270 867 3342 οἶσιν
895 3289 926 3345 ο1
948 3282 1055 3346 Medea
1077 3285 1141 3364 ipsa
1169 3290 1199 3346 et
1220 3285 1264 3346 in·

146 3391 241 3451 santes
263 3389 484 3466 intellegantur.
529 3387 601 3447 Mihi
623 3387 746 3466 vulgata
768 3387 918 3448 servanda
933 3387 1064 3448 videtur.
1108 3389 1185 3448 Nam
1209 3388 1265 3448 hoe

146 3494 169 3552 si
192 3511 388 3570 sumeremus,
418 3490 504 3551 nobis
527 3491 614 3549 etiam
638 3489 675 3549 de
697 3493 808 3566 matre,
839 3508 917 3568 quae
940 3489 1041 3550 liberis
1064 3491 1127 3550 suis
1150 3491 1265 3567 prospi-

146 3595 225 3656 eiens
246 3595 364 3657 sueinus
391 3593 517 3654 maxime
540 3589 689 3650 nefarium
719 3611 778 3652 non
801 3597 955 3668 vereatur,
985 3590 1175 3668 eogitandnm
1199 3608 1265 3653 esse

145 3701 278 3774 apparet.
313 3699 406 3758 Ater
422 3695 559 3754 versibus
575 3699 605 3753 et
619 3693 769 3770 prIoribns
783 3724 825 3734 —
840 3695 957 3771 respioe
973 3695 1132 3771 praecipue
1148 3714 1176 3754 v.
1190 3698 1266 3756 7671

146 3797 207 3859 νῦν
229 3793 324 3872 ἐλπίς
347 3783 491 3878 ίχθροδς
513 3781 594 3866 ιοός
610 3785 712 3872 ἐμοὺς
726 3791 829 3855 τίσειν
845 3788 951 3876 δίκην,
974 3814 1001 3854 v.
1018 3799 1080 3859 780
1090 3811 1169 3876 sqq.:
1192 3801 1266 3856 παι·

146 3897 203 3972 δας
225 3895 260 3962 δὲ
281 3907 390 3979 μεῖναι
413 3887 490 3971 τοὺς
512 3889 611 3975 ἐμοὺς
633 3885 822 3977 αἰτήσομαι,
852 3883 912 3975 οὐχ
935 3881 981 3968 oie
1005 3892 1095 3958 λίπω
1118 3912 1181 3974 σφε
1204 3915 1264 3958 aco·

33 4011 34 4020 ’
147 3999 256 4082 λεμίος
271 3999 327 4064 ἐπὶ
341 3989 478 4081 χθονός,
502 3987 572 4061 ἀλλ’
588 3983 634 4070 ὡς
650 3987 778 4060 δόλοισι
793 3994 898 4060 παῖδα
914 3993 1074 4074 βασιλέως
1090 3989 1207 4060 κτάνω
1223 4032 1264 4042 -

33 4127 34 4144 ³
146 4113 175 4168 et
188 4108 414 4186 posterioribus,
429 4124 555 4183 qnorum
572 4123 589 4166 e
605 4123 729 4166 numero
744 4106 850 4165 summi
863 4103 1001 4166 momenti
1016 4109 1088 4164 sunt
1103 4123 1130 4165 v.
1141 4107 1201 4168 801
1213 4122 1266 4183 sqr

146 4193 267 4288 ἀνδρὸς
281 4194 438 4288 Ἕλληνος
460 4199 573 4288 λόγοις
594 4193 756 4266 πεισθεῑδ
773 4191 808 4278 ὃς
830 4189 911 4286 ἧμιν
932 4195 995 4282 ξῦν
1018 4202 1091 4286 daei
1112 4201 1196 4268 τίσει
1219 4199 1265 4266 δί·

147 4329 207 4392 apr
230 4321 260 4375 et
283 4332 309 4374 v.
330 4315 404 4374 8171
432 4298 524 4372 οὕτω
547 4300 610 4390 γὰρ
633 4295 676 4372 ἂν
696 4297 840 4390 μάλιστα
866 4300 1003 4390 δηχθείη
1025 4297 1133 4384 πόσις,
1156 4311 1266 4388 quibus
