3040 4832
199 348 239 410 84

283 499 447 585 Baochae
469 517 533 586 242
547 536 615 600 sip:

424 638 552 719 ἐκεῖνος
574 635 659 707 εἶναί
681 657 761 728 φησι
783 637 950 707 Διόνυσον
972 638 1067 722 θεόν,

296 757 298 762 ’
425 739 552 822 ἐκεῖνος
574 743 611 811 ἐν
632 747 727 832 μηρῷ
750 735 828 812 κοτ’
844 740 972 831 ἐρράφη
995 741 1078 823 Διός.

284 889 475 948 Hermannns
490 887 619 960 Reiskio,
635 889 815 966 Musgravio,
831 887 984 950 Bronckic
996 890 1212 966 praeeuntibus
1227 879 1321 969 ἐρρά-

200 987 288 1064 φθαι
310 990 438 1067 scripsit,
460 990 518 1050 hoc
541 989 630 1052 modo
653 989 795 1067 efficiens,
817 995 852 1052 ut
873 991 904 1050 in
927 995 1057 1069 utroque
1078 1010 1170 1052 versu
1193 984 1322 1065 ἐκεῖνος

200 1090 238 1150 ad
269 1110 358 1152 unam
389 1092 575 1171 eandemque
605 1111 766 1170 personam
796 1091 901 1154 referri
932 1111 1099 1173 versusque
1130 1095 1206 1154 alter
1235 1094 1321 1154 alteri

200 1194 313 1254 arctius
329 1195 470 1271 coniungi
485 1199 596 1272 posset.
639 1195 699 1256 Sed
714 1193 808 1254 verba
823 1213 902 1273 quse
917 1199 1085 1272 sequuntur
1105 1179 1141 1268 ὃς
1156 1188 1321 1276 ἐκπυροῦ-

199 1311 265 1370 ται,
287 1297 317 1355 id
341 1297 422 1375 qnod
445 1299 559 1358 monuit
581 1295 763 1375 Diodorfius,
785 1297 827 1357 ita
848 1298 946 1375 posita
967 1302 1050 1376 sunt,
1072 1303 1106 1359 ut
1128 1316 1187 1358 non
1210 1298 1323 1377 Diony-

200 1417 264 1458 sum
288 1399 341 1459 sed
363 1401 465 1460 Iovem
481 1401 577 1476 ipsum
601 1405 764 1461 crematum
781 1417 848 1460 esse
871 1398 1054 1460 credendum
1070 1401 1120 1478 sit;
1143 1419 1233 1478 quam
1257 1419 1323 1462 sen·

201 1501 365 1562 tertiarum
385 1502 598 1566 absurditatem
620 1503 710 1580 plane
727 1519 909 1563 evanescere
930 1501 1002 1562 dicit
1024 1504 1070 1564 vir
1092 1503 1198 1564 doctus
1221 1502 1322 1564 deleto

201 1621 291 1663 versu
308 1608 378 1666 243.
422 1605 529 1682 Neque
549 1605 644 1664 habeo
667 1604 740 1680 quid
763 1622 922 1682 opponam.
966 1605 1057 1666 Immo
1079 1603 1156 1666 idem
1173 1605 1344 1688 versifica,

201 1709 257 1783 tor,
280 1707 364 1766 cuius
386 1725 492 1768 versus
509 1710 675 1769 ooo-297
700 1725 766 1788 esse
789 1707 982 1784 demonstrat,
1005 1708 1093 1767 etiam
1117 1709 1268 1780 hocloco,
1290 1709 1323 1768 ni

202 1808 296 1880 fallor,
319 1810 372 1885 rei,
395 1809 596 1887 dignissimae,
619 1814 652 1870 ut
666 1811 802 1888 putabat,
825 1828 901 1887 quae
924 1811 1032 1870 iterum
1055 1813 1146 1888 atque
1161 1811 1268 1872 iterum
1291 1812 1323 1871 in

202 1911 372 1970 memoriam
389 1917 589 1984 revocaretur,
613 1913 791 1972 mentionem
807 1911 907 1986 facere
923 1913 1026 1973 voluit.
1071 1913 1147 1973 Nam
1171 1915 1214 1974 uti
1231 1913 1324 1973 verbe

202 2005 408 2092 ἐκπυροῦται
430 2003 600 2092 λαμπάσιν
621 2009 812 2094 κεραυνίοις
834 2014 1054 2092 quodammodo
1077 2017 1124 2088 iis,
1148 2033 1225 2093 quae
1248 2017 1324 2095 legi-

203 2136 268 2177 mus
287 2135 346 2177 vss.
363 2121 404 2180 90
414 2133 492 2195 sqq.:
514 2107 639 2198 νηδύος
655 2107 800 2191 ἔκβολον
813 2108 923 2198 μάτηρ
939 2109 1050 2178 ἐ’τεκεν
1067 2103 1199 2178 icaodo'
1215 2110 1324 2178 αίοὸνα

202 2211 369 2298 κεραυνίῳ
391 2216 514 2302 πλαγᾷ,
537 2220 731 2296 respondent,
753 2221 794 2279 ita
816 2221 926 2280 habere
941 2221 1038 2281 voluit
1061 2239 1138 2298 qnae
1161 2221 1238 2280 idem
1259 2221 1325 2282 fere

203 2323 393 2383 continerent
414 2342 450 2382 ac
471 2339 578 2384 versus
594 2326 647 2385 96:
672 2313 874 2404 κατὰιμηρῷ
897 2317 933 2382 δὲ
956 2313 1119 2401 καλύψας.

204 2486 268 2554 341
279 2505 350 2570 σιμ
378 2479 463 2573 δμὴ
485 2483 599 2572 πάθῃς
622 2479 677 2554 σύ·
708 2483 807 2573 δεῦρό
831 2506 893 2554 σου
917 2489 1031 2572 στέψω
1054 2483 1141 2574 κάρα

377 2592 497 2676 κισσῷ·
523 2583 600 2674 μεθ’
619 2579 715 2674 ἡμῶν
736 2593 786 2676 τῴ
808 2593 880 2676 θεῷ
902 2586 1001 2676 τιμὴν
1023 2590 1128 2657 δίδου.

289 2717 400 2778 Contra
414 2716 612 2794 Dindorfinm,
634 2718 685 2793 qui
709 2717 800 2776 verba
823 2711 980 2795 δεῦρο-
996 2711 1100 2794 κισσῷ
1123 2717 1160 2776 ab
1183 2717 1324 2777 Eimsleio

204 2821 378 2897 parenthesi
399 2820 518 2880 inclusa
540 2808 594 2879 διὰ
615 2813 720 2897 μέσον
741 2820 840 2897 posita
862 2837 927 2880 csse
951 2819 1024 2878 dicit
1046 2817 1166 2892 (Annei.
1191 2840 1218 2898 p.
1242 2817 1326 2896 713),

205 2923 308 2984 cadem
331 2942 386 3000 pro
408 2923 532 2999 apodesi
554 2925 639 3000 puto;
662 2921 755 2984 verba
776 2907 852 3000 μεθ’
867 2904 965 3001 ἡμῶν
974 2939 1040 2999 sqq.
1062 2904 1251 2992 ἀσυνδέτους
1274 2922 1325 2982 ad-

204 3029 281 3086 iecta
304 3043 370 3087 esse
392 3027 530 3105 arbitror,
552 3028 756 3086 Hermannnm
780 3031 909 3087 secutos.

290 3176 436 3260 842sqa

349 3281 421 3346 πᾶν
443 3292 607 3365 κρεῖσσον,
635 3273 722 3345 ὥστε
744 3275 788 3365 μὴ
802 3269 937 3364 ’γγελᾶν
960 3271 1083 3362 βάκχας
1106 3275 1187 3360 ἐμοί.

353 3377 466 3449 diabobo
489 3381 522 3460 ἐς
544 3381 657 3460 οίκους
681 3375 723 3446 ἃν
745 3380 828 3464 δοκῇ
850 3375 1084 3464 βουλεύσομαι.

292 3508 384 3570 Varia
405 3509 511 3570 aviris
534 3507 629 3568 doctis
651 3511 797 3585 temptata
819 3510 897 3585 sunt,
919 3510 953 3566 ut
975 3505 1166 3566 difficultates
1189 3504 1327 3565 versibus

206 3611 309 3674 codice
323 3611 400 3673 falso
423 3610 587 3673 distributis
610 3614 692 3672 ortas
714 3611 879 3688 solverent;
900 3610 950 3670 alii
973 3609 1134 3670 Heathium
1158 3610 1327 3687 sequuntur

206 3733 313 3776 versus
328 3718 390 3778 842
400 3733 444 3793 sq.
458 3715 603 3793 Pentheo,
625 3717 687 3776 844
703 3713 831 3792 Baccho,
853 3716 914 3774 845
925 3731 968 3792 sq.
984 3712 1117 3773 Pentheo
1137 3711 1328 3788 tribuentem,

205 3817 264 3893 atii,
286 3821 320 3878 ut
334 3816 509 3889 Heiisndus,
531 3833 624 3878 verss.
640 3818 711 3878 842.
730 3819 771 3878 43
793 3815 869 3876 iuste
884 3815 999 3894 positos
1019 3809 1196 3888 defendunt,
1217 3812 1274 3883 alii,
1294 3816 1328 3872 ut

205 3917 426 3997 Kirchhofsms,
452 3919 638 3992 Dindorfius,
666 3920 802 3979 lacunam
831 3921 982 3994 statuent,
1011 3917 1073 3988 alii,
1102 3919 1134 3975 ut
1160 3913 1328 3986 Nanckins,

205 4041 324 4085 versum
339 4023 470 4101 priorem
487 4021 619 4084 eiiciunt.
648 4021 780 4082 Verbose
796 4021 927 4100 denique
943 4017 1048 4080 anke
1070 4016 1101 4091 (i.
1115 4017 1132 4076 l.
1153 4036 1182 4095 p.
1199 4021 1237 4078 12
1249 4013 1327 4094 sqq.)

207 4126 245 4187 de
260 4125 318 4186 hoc
333 4126 399 4186 loco
415 4125 589 4202 disputavit,
611 4125 667 4184 sibi
682 4123 868 4202 persuadens
888 4127 957 4202 post
971 4139 1091 4181 versum
1108 4123 1170 4183 842
1191 4113 1328 4198 alterum,

209 4230 260 4306 qui
277 4228 386 4288 Bacchi
402 4227 516 4305 fuisset,
536 4227 689 4288 excidisse.
726 4228 810 4302 Quae
826 4227 927 4304 pantio
944 4224 1115 4284 accuratius
1131 4222 1327 4298 contemplari

207 4331 279 4393 mihi
296 4333 393 4393 liceat.
429 4331 613 4408 Rectissime,
635 4334 804 4409 postquam,
827 4348 905 4408 qnae
920 4329 1057 4390 versibus
1072 4329 1239 4390 821-842
1255 4342 1327 4385 eon-
