3040 4832
1278 399 1297 460 7

177 573 279 636 eadem
301 575 380 634 inter
402 573 462 635 duo
484 573 641 634 enuntiata
662 576 779 634 constet
799 575 889 650 ratio,
916 592 994 650 quae
1020 573 1099 634 iuter
1121 573 1197 634 duas
1220 574 1296 634 eius·

177 676 242 736 dem
265 695 412 754 personae
434 678 584 738 orationes
607 676 665 736 alia
681 677 816 738 oratione
839 677 918 737 inter
940 695 973 738 se
996 675 1172 738 seiunctas“
1219 678 1295 738 Nam

176 780 473 856 quantulumcunque
496 779 538 838 iili
562 779 672 838 actioni
694 778 850 838 scaenicae
872 779 1060 855 attribuitur,
1088 780 1183 842 oratio
1205 779 1297 840 iuter-

176 887 263 958 rupta
285 887 330 942 est
356 901 455 958 neque
481 899 542 942 uno
571 886 675 942 tenore
698 880 850 958 pergitur,
881 885 913 942 ιι
940 883 1076 957 quamvis
1097 888 1180 942 arcto
1203 882 1297 943 verba

176 985 252 1044 inter
274 1002 306 1044 se
330 985 529 1062 cohaereant,
555 985 656 1060 potins
678 984 755 1044 dnos
777 1001 932 1044 sermones
960 1002 1049 1062 quam
1073 1003 1164 1046 uuum
1188 984 1296 1045 babea-

175 1105 239 1148 mus
260 1091 291 1148 et
313 1087 521 1164 unusquisque
543 1105 603 1148 nou
621 1090 686 1152 ¹-tam
710 1085 951 1146 coniunctionem
975 1105 1064 1164 quam
1087 1088 1183 1164 ipsum
1206 1105 1297 1165 asyn-

174 1188 264 1249 deton
292 1192 434 1266 requirat
478 1189 546 1263 Qua
569 1187 606 1248 de
629 1207 720 1248 causa
746 1207 849 1250 omues
876 1189 943 1249 ilios
970 1190 1053 1250 locos
1080 1207 1189 1250 aenaea
1217 1209 1296 1251 amo·

174 1292 288 1352 vendes
310 1310 384 1354 esse.

257 1397 364 1473 Neque
388 1413 461 1456 vero
485 1396 584 1456 minus
607 1396 672 1472 ipse
695 1394 880 1456 Seemanuus
902 1395 1015 1456 erravit
1038 1397 1067 1456 iu
1090 1397 1135 1472 iis,
1157 1415 1235 1474 quae
1258 1397 1296 1458 do

172 1499 230 1558 iliis
252 1499 325 1558 iocis
347 1498 566 1576 distinguendis
590 1496 760 1576 protulit¹),
793 1498 860 1571 ,nbi
883 1499 1033 1576 particula
1055 1503 1137 1560 certe
1160 1519 1220 1560 non
1244 1519 1295 1560 ex·

172 1605 240 1676 stat,
262 1601 316 1660 sed
339 1619 377 1662 ne
393 1601 581 1676 desideratur
596 1601 725 1677 quidem,
749 1603 791 1662 ita
813 1606 846 1660 ιι
867 1601 1037 1679 asyndeton
1060 1621 1120 1662 nou
1143 1603 1181 1662 sit
1203 1605 1295 1664 uomi-

172 1703 331 1766 nandum.“

257 1809 301 1868 Ac
324 1807 452 1884 primum
475 1805 605 1884 quidem,
629 1804 721 1866 atde
744 1824 780 1866 ea
802 1806 989 1878 condicione,
1012 1826 1090 1885 quae
1113 1808 1151 1868 de
1173 1812 1295 1868 senten·

171 1912 276 1972 tiarnm
292 1929 374 1971 nexu
396 1914 450 1982 est,
472 1927 570 1986 pauca
586 1908 691 1980 dicam,
713 1909 885 1986 ubicunque
901 1915 990 1987 poeta
1005 1927 1153 1987 personae
1170 1912 1294 1988 loquen-

171 2015 209 2074 tis
230 2014 444 2074 sententiarum
460 2012 594 2073 ordinem
618 2013 704 2074 nobis
728 2012 881 2089 explicans
902 2013 962 2072 duo
984 2014 1139 2074 enuntiata
1161 2015 1240 2074 iuter
1261 2033 1294 2074 se

170 2116 342 2178 coordinata
363 2117 429 2176 sino
452 2114 662 2176 coniunctione
685 2116 848 2192 componit,
872 2116 960 2176 etiam
983 2121 1060 2193 tum,
1082 2135 1149 2176 cnm
1172 2117 1236 2192 ipsa
1259 2135 1294 2176 ea

170 2219 324 2278 enuntiata
353 2237 443 2278 seusu
467 2217 587 2294 quidem
616 2237 677 2278 nou
708 2219 870 2278 cohaerere
897 2217 1052 2288 videntur,
1082 2223 1114 2277 at
1143 2218 1294 2279 sententia

168 2319 229 2394 illa,
251 2320 300 2379 cui
322 2321 450 2380 alterurn
473 2338 622 2380 annexum
646 2323 700 2390 est,
722 2317 810 2378 facile
833 2337 849 2378 e
869 2319 969 2397 priore
992 2319 1181 2397 subauditur,
1202 2338 1292 2397 asyn-

168 2423 260 2483 deton
284 2422 478 2482 statuendum
494 2427 548 2483 est.
586 2421 763 2500 Saepissime
779 2423 865 2500 enim,
888 2440 948 2482 non
974 2421 1239 2500 ,nonnunquam“‚
1260 2429 1294 2484 ut

166 2528 211 2588 ait
231 2520 467 2604 Seemannus2),
501 2527 606 2599 ,etiam
629 2527 800 2586 annectitur
827 2526 1014 2588 enuntiatum
1038 2529 1227 2604 subsequens
1254 2526 1293 2587 ad

167 2631 378 2708 cogitationem
402 2632 532 2708 aliquam
556 2635 705 2690 retentam
728 2629 1013 2707 supplendamque.“
1061 2631 1138 2690 Illud
1162 2630 1292 2692 medium

165 2739 267 2796 auteur
297 2734 408 2810 ubique
440 2733 539 2792 statim
569 2732 654 2792 nobis
676 2751 708 2792 se
731 2733 855 2808 praebet
882 2733 1017 2810 exceptis
1040 2733 1101 2793 illis
1128 2733 1293 2810 sententiis,

165 2857 294 2915 quarum
318 2837 413 2896 altera
436 2838 554 2896 omnino
577 2853 658 2894 nova
680 2837 775 2896 oratio
798 2836 948 2913 incipitur.

255 2958 360 3034 ltaque
383 2955 554 3032 asyndeton
578 2955 688 3032 ubique
712 2959 812 3014 statuo
835 2957 892 3014 uisi

254 3056 284 3130 a)
312 3077 378 3118 cnm
402 3059 566 3118 enuntiatio
589 3057 683 3117 altera
710 3057 833 3116 adrem
857 3057 988 3133 aliquam
1012 3059 1181 3118 scaenicum
1204 3075 1290 3136 spec·

163 3165 227 3236 tat,
255 3179 316 3238 qua
341 3162 557 3220 sententiarum
586 3160 661 3220 ordo
692 3161 934 3238 interrumpitur3
964 3177 1024 3236 quo
1052 3161 1139 3219 etiam
1169 3160 1291 3238 referas,

163 3264 191 3324 si
214 3265 290 3340 quis,
312 3269 471 3340 postquam
494 3265 521 3323 ei
536 3265 735 3342 interroganti
759 3267 811 3323 aut
832 3263 944 3323 iubenti
969 3281 1027 3323 non
1052 3263 1165 3340 apertis
1181 3265 1291 3341 verbis,

162 3366 220 3426 sed
244 3367 359 3427 actione
382 3367 483 3444 aliqua
504 3385 680 3443 responsum
705 3373 759 3440 est,
783 3369 947 3428 orationem
970 3385 1054 3426 suam
1076 3373 1225 3436 resumat;
1268 3415 1272 3426 .

251 3465 282 3544 b)
311 3487 377 3529 cnm
406 3473 458 3528 aut
484 3470 582 3528 subito
611 3471 648 3530 da
676 3489 709 3530 re
737 3489 817 3532 nova
844 3469 970 3546 dicitur,
1000 3471 1042 3528 ita
1069 3473 1102 3528 ut
1129 3470 1299 3530 verborum.
1424 3479 1427 3488 '

161 3589 320 3634 connexus
350 3590 416 3632 cum
440 3571 590 3650 prioribus
621 3573 704 3632 nullo
728 3573 815 3634 modo
846 3574 972 3632 inveniri
1002 3572 1111 3650 possit,
1141 3575 1193 3632 aut
1223 3590 1288 3632 cum

160 3691 295 3754 persona
310 3675 369 3736 alia
388 3675 527 3752 loquitur.
574 3672 691 3748 Quibus
706 3677 781 3736 locis
803 3675 989 3736 Seemannus
1012 3677 1176 3737 rectissime
1199 3677 1288 3736 etiam

159 3794 218 3838 eos
241 3776 392 3856 adiunxit,
424 3777 492 3850 ,ubi
514 3777 583 3854 quis
605 3778 699 3838 verba
720 3778 868 3856 quaedam
896 3797 955 3838 non
985 3797 1094 3856 magua
1116 3797 1191 3840 voca
1219 3795 1288 3856 pro-

159 3879 233 3954 fert,
255 3879 307 3938 sed
331 3881 495 3952 summissa,
517 3879 603 3958 quasi
626 3898 728 3940 secum
748 3880 912 3958 ,loqueus“;
940 3899 1040 3958 neque
1063 3883 1140 3942 enim
1164 3881 1287 3942 dubium

158 3985 219 4054 est,
243 3983 314 4058 quin
338 3982 431 4042 verba
453 3985 619 4060 posteriora
642 4001 708 4042 cum
732 3984 894 4059 prioribus,
927 3984 1040 4062 qnippe
1062 4003 1140 4062 quae
1163 4005 1181 4046 a
1202 3984 1287 4044 nullo

157 4084 281 4164 percipi
305 4084 442 4160 debeant,
465 4087 549 4146 nullo
572 4085 660 4146 modo
684 4086 891 4146 connectenda
913 4087 980 4146 sint.

253 4186 341 4259 Quod
357 4193 455 4248 autem
471 4188 511 4248 ad
523 4189 606 4268 alias,
621 4187 781 4266 dequibus
797 4187 878 4266 dicit,
892 4187 1085 4266 exceptiones
1099 4191 1216 4268 attinet,
1230 4189 1288 4268 pri·
1348 4213 1351 4221 ·

255 4385 359 4454 tut
513 4387 620 4456 bne
