3040 4832
1239 367 1279 428 77

150 543 333 623 Euripidem
357 543 490 605 dedisse:
512 537 546 602 τί
567 531 714 622 φυγάσιν
736 530 776 600 τὸ
799 535 968 620 δοσχερές;
999 543 1043 602 sie
1065 543 1164 602 autem
1186 541 1278 600 inter-

148 647 275 726 roganti
305 665 429 708 numero
451 645 603 722 plurativo
631 645 782 720 locastae,
810 633 1057 704 'verisimillimum
1087 642 1278 721 respondisse

150 753 339 829 Polynicen:
362 741 399 808 έν
413 741 474 828 μὲν
488 741 654 826 μέγιστον,
677 731 740 806 οὐκ
759 737 846 824 ἔχειν
860 740 1059 826 παρρησίαν,
1082 746 1139 806 boo
1162 763 1198 806 eo
1213 765 1281 824 pro·

148 855 264 932 babile,
287 853 368 932 qnod
391 853 437 914 sie
459 851 559 912 solent
581 852 611 910 in
627 851 750 911 senariis
767 834 953 928 ἆμοιβαίοις
974 849 1097 927 Tragiei
1119 847 1281 910 infinitivus

148 975 279 1036 ponere,
302 957 353 1035 qni
377 955 531 1033 pendeant
552 972 570 1015 a
591 951 869 1032 praecedentibus!

239 1105 330 1174 408:
359 1107 433 1182 ποῦς
456 1095 490 1170 δ’
505 1087 610 1188 ἦλθες
628 1095 757 1188 itero,-
778 1091 843 1167 τίν’
858 1099 1014 1168 ἐπίνοιαν
1036 1095 1178 1187 ἔσχεθες.

242 1234 341 1293 Reete
364 1231 502 1292 existimo
526 1231 606 1290 viros
629 1229 733 1290 dootos
755 1227 934 1306 optimorum
950 1228 1086 1288 oodioum
1102 1230 1280 1306 scripturam

150 1326 294 1415 ἔσχεθες
316 1336 473 1395 retinuisse
498 1337 602 1394 eontra
624 1333 846 1404 Hermonem,
874 1331 924 1408 qui
948 1349 966 1390 a
989 1330 1092 1392 eodiue
1115 1332 1190 1391 Veo.
1210 1335 1283 1409 468,

151 1440 205 1500 ubi
221 1439 350 1515 legimus
367 1427 465 1514 ἔχων,
488 1436 643 1514 proiectus
666 1429 744 1494 τίνα
765 1419 844 1492 ποτ’
860 1425 1015 1492 ἐπίνοιαν
1038 1422 1125 1511 ἔχων
1147 1435 1282 1495 coniecit.

151 1605 222 1672 549
236 1621 333 1686 sqq:
363 1603 396 1668 τί
418 1597 481 1688 τὴν
502 1591 684 1684 τυραννίδ’,
712 1592 846 1666 ἀδικίαν
868 1589 1065 1684 εὐδαίμονα,

364 1707 460 1794 τιμᾷς
482 1697 632 1788 ὑπέρφευ
655 1703 709 1768 καί
733 1694 804 1788 μέγ’
819 1695 937 1789 ἥγησαι
960 1698 1053 1784 τόδε,

364 1807 629 1895 περιβλέπεσθαι
651 1807 780 1890 τίμιον;
802 1801 904 1871 κενὸν
924 1805 986 1891 μὲν
1008 1791 1078 1871 οὖν.

244 1935 333 1997 Haud
358 1936 478 1996 indoote
501 1933 539 1994 de
561 1954 609 1993 vv.
622 1936 684 1994 549
695 1951 760 2011 sqq.
783 1933 949 1993 Heboldius
972 1932 1023 2007 (de
1043 1933 1148 1994 infiniti
1165 1934 1282 2010 syntaxi

154 2040 330 2116 Euripidea,
353 2040 439 2098 Halis
456 2039 547 2113 1881,
570 2055 638 2114 pag.
654 2039 694 2096 25
706 2033 762 2111 sq.)
786 2036 935 2112 disseruit,
958 2038 1008 2112 qui
1030 2041 1060 2096 et
1076 2036 1188 2097 Klotnii
1205 2025 1284 2095 τόδε

155 2161 224 2204 oum
248 2135 515 2218 περιβλέπεσθαι
538 2138 747 2214 coniungentis
769 2138 1046 2215 interpretationem
1075 2143 1106 2199 et
1127 2139 1208 2216 qnod
1231 2157 1283 2198 vo-

155 2247 213 2306 luit
246 2245 380 2305 Gestius:
421 2261 480 2314 ,an
519 2241 708 2318 eironmspioi
747 2239 941 2300 bonorifioom
979 2239 1067 2302 esse‘
1107 2239 1285 2319 repudians:

158 2345 318 2420 ,0mnia⁴⁴,
346 2345 457 2425 iuquit,
486 2349 589 2414 „reete
611 2341 778 2420 procedere
801 2342 870 2402 mihi
894 2343 1045 2416 videntur,
1072 2344 1097 2404 si
1119 2336 1231 2421 τίμιον
1254 2344 1284 2403 io

158 2449 377 2511 nominativum
400 2442 509 2526 τίμιος
531 2451 645 2508 mutato
674 2445 852 2506 infinitivum
875 2439 1136 2524 περιβλέπεσθαι
1165 2446 1284 2506 finalem

157 2571 246 2614 usum
277 2553 334 2612 hoe
356 2552 423 2612 loeo
452 2550 562 2611 habere
585 2550 758 2627 statuimus,
787 2549 843 2610 boe
871 2548 1102 2627 significantem:
1132 2555 1209 2610 etna
1235 2568 1284 2610 um

156 2675 218 2718 von
243 2654 321 2716 alten
345 2653 444 2714 Seiteu
468 2653 575 2730 gsebrt
596 2651 784 2728 augesebaut
806 2670 844 2712 nu
867 2651 1036 2712 nerden?“
1081 2653 1189 2730 Neque
1212 2671 1285 2713 vero

157 2758 324 2836 quidquam
355 2756 528 2818 mutandum
558 2773 624 2816 esse
652 2755 798 2832 arbitror,
827 2773 926 2832 neque
953 2754 1059 2828 video,
1089 2755 1159 2834 quid
1190 2753 1285 2816 Geelii

157 2860 399 2938 interpretationi
423 2859 529 2920 obstet

158 3025 250 3094 1262
263 3041 333 3106 sq:
364 3022 421 3088 καί
442 3008 556 3087 τᾶθλα
573 3018 666 3088 δεινὰ
688 3016 816 3106 δάκρυά
831 3039 885 3086 σοι
908 3017 1080 3106 γενήσεται

367 3125 496 3192 δισσοῖν
510 3125 658 3210 στερείσῃ
679 3115 752 3208 τῇδ’
767 3122 803 3188 έν
818 3113 925 3212 ἡμέρᾳ
945 3124 1091 3190 τέκνοιν.

249 3254 290 3314 Ut
304 3251 552 3328 Valekeoaerius,
576 3253 617 3313 ita
632 3250 808 3312 Dindorfius
823 3250 914 3312 boses
930 3269 1036 3312 versus
1052 3249 1182 3311 seeiusit
1212 3251 1285 3310 Por·

161 3374 255 3420 sonus
278 3353 399 3416 Reislsio
415 3355 582 3416 assentiens
605 3372 656 3414 eos
672 3355 795 3434 recepit,
818 3352 871 3414 sed
887 3353 951 3432 ipse
966 3359 1084 3414 mutam
1105 3344 1161 3412 καί
1176 3336 1286 3412 τᾶθλα

161 3461 191 3520 iu
209 3443 381 3518 κᾶπαθλα.
420 3457 624 3517 Hermanuns:
647 3451 703 3516 καὶ
725 3441 840 3516 τᾶθλα
863 3440 953 3528 δείν’,
977 3440 997 3514 ἃ
1018 3441 1146 3535 δάκρυά
1161 3465 1214 3514 σοι
1236 3469 1286 3532 γε·

160 3551 308 3641 νήσεται.
353 3558 499 3638 Equidem
528 3577 566 3619 ue
587 3559 645 3619 hae
668 3559 790 3638 quidem
813 3557 1022 3620 emendatione
1050 3575 1127 3636 opus
1150 3575 1214 3618 esse
1242 3575 1287 3616 ar·

161 3665 273 3744 bitror,
303 3667 333 3724 at
355 3663 448 3723 verba
471 3656 525 3722 καί
550 3639 661 3720 τᾶθλα
685 3651 777 3720 δεινά
806 3680 872 3722 oum
897 3661 1046 3738 prioribus
1069 3658 1288 3738 coniungenda,

162 3768 321 3844 sequentia
349 3751 539 3838 ἀσυνδέτους
565 3767 663 3844 posita
691 3765 869 3844 putaverim.
913 3765 1022 3842 Neque
1051 3765 1153 3842 negari
1180 3767 1288 3844 potest,

163 3871 208 3930 ilii
233 3870 397 3931 Hermanni
421 3871 611 3932 coniecturae
635 3869 805 3948 asperitatis
828 3869 953 3930 muttum
978 3870 1083 3930 inesse.

251 4018 356 4086 Ιθθίίι
372 4009 553 4106 οἰχόμεσθ’·
569 4011 633 4083 οὐκ
646 4009 883 4104 εὐπροσώποις
895 4018 1063 4104 φροιμίοις
1074 4009 1164 4102 ἄρχει
1175 4007 1286 4101 λόγον.

250 4143 348 4204 Huius
370 4163 486 4220 versus,
508 4163 597 4222 quem
621 4144 689 4204 libri
711 4147 806 4204 totum
830 4143 950 4204 Creonti
973 4145 1148 4216 attribuunt,
1172 4145 1286 4204 initium

166 4247 402 4306 Vaiekeuaerius
433 4249 527 4308 nuntii
558 4264 624 4308 esse
647 4247 742 4308 votuit
772 4245 876 4306 eodem
901 4245 1002 4326 modo,
1032 4265 1092 4324 quo
1116 4247 1144 4306 iu
1169 4247 1288 4324 Hippot.

166 4367 243 4408 vers.
260 4353 322 4410 668
346 4351 428 4410 ebori
453 4351 593 4412 iudicium
618 4344 650 4408 τί
664 4343 793 4430 μέντοι·
817 4343 977 4428 φροίμιον
992 4339 1100 4409 κακὸν
1114 4339 1190 4408 τόδε
1215 4349 1286 4410 illud
