3040 4832
274 376 316 450 ‘oe

276 561 363 623 modo
391 561 586 637 renpieiamus
614 559 707 620 verba
731 557 786 619 illa
813 561 876 618 παλ
900 549 1084 638 redopertus:
1112 575 1171 620 nnn
1203 553 1298 619 solum
1321 553 1403 635 regis

277 663 492 724 dubitationem
509 682 568 740 quo
585 667 641 738 eat,
664 663 718 722 sed
735 662 984 722 necessitudinem
1000 664 1087 722 etiam
1104 661 1233 722 abeundi
1254 663 1402 738 iudieare3

274 768 316 828 ita
345 771 378 826 ut
400 770 516 826 vertas:
553 766 708 840 ,Quonam
738 767 841 842 igitur,
872 765 1078 842 quaerendum
1106 766 1176 825 milri
1205 772 1265 837 est,
1295 757 1399 825 eami“

274 867 502 948 Braohylogiam
520 868 671 946 quandam
694 887 768 946 ergo
789 887 849 928 non
873 887 966 946 nego,
987 885 1162 945 perversum
1186 869 1402 928 sententiarum

276 989 384 1031 nexum
409 991 469 1032 non
492 970 626 1031 dixerim.

361 1119 437 1188 Ale.
456 1119 557 1187 1126:
581 1111 644 1185 ούκ
668 1117 767 1200 ἐστιν,
791 1111 879 1186 ἀλλὰ
900 1110 995 1206 τήνδ’
1011 1109 1092 1208 ὁρᾷς
1114 1114 1264 1204 δάμαρτα
1286 1115 1359 1205 σήν.

362 1249 568 1307 Rectissimum
597 1248 666 1308 milri
698 1246 831 1325 videtur,
859 1247 940 1324 quod
968 1246 1124 1307 Nauokius
1155 1245 1309 1324 proponit:
1339 1231 1404 1305 σύκ

277 1339 368 1408 ἐστιν
391 1338 516 1420 ἄλλως·
545 1335 644 1429 τήνδ’
660 1332 741 1433 ὁρᾷς
770 1336 922 1428 δάμαρτα
949 1335 1022 1428 σήν.
1068 1348 1133 1423 Quo
1158 1349 1245 1409 modo
1267 1369 1285 1408 a
1309 1349 1404 1409 choro
1503 1405 1504 1426 ,

276 1453 369 1512 multo
393 1452 490 1528 aptius
520 1452 720 1529 respondetur
750 1453 991 1530 interrogationi,
1022 1470 1099 1530 qnae
1123 1455 1169 1512 est
1191 1469 1281 1512 versu
1306 1450 1405 1513 1124:

276 1559 419 1632 γυναῖκα
443 1543 571 1612 λεύσσω
592 1543 655 1631 τὴν
677 1543 760 1632 ἐμὴν
781 1543 972 1634 ἐτητυ’μως;
1008 1554 1108 1628 Verba
1130 1555 1207 1614 enim
1231 1538 1295 1612 ούιι
1311 1545 1407 1613 ἐστιν

277 1644 385 1728 ἄλλως
406 1660 468 1716 tum
491 1655 708 1734 significarent:
733 1641 904 1735 ἐτητύμως
925 1646 987 1736 τὴν
1004 1645 1065 1736 σὴν
1085 1662 1226 1735 γυναῖκα
1245 1645 1405 1730 λεύσσεις,

279 1759 390 1819 ehorns
412 1764 511 1819 eutem
535 1779 594 1820 non
618 1760 713 1820 solum
738 1759 767 1819 id
792 1759 874 1837 quod
896 1759 944 1820 ille
967 1760 1099 1837 timebat,
1122 1779 1159 1820 ne
1183 1761 1249 1837 quis
1273 1759 1348 1820 deus
1372 1779 1405 1820 se

278 1862 500 1935 admiscuisset,
527 1861 579 1922 sed
602 1863 688 1922 etiam
712 1881 913 1940 quaeeunque
928 1863 988 1922 alia
1010 1881 1111 1942 regem
1134 1881 1167 1922 re
1182 1880 1255 1922 vera
1278 1881 1403 1924 uxorem

278 1969 382 2029 adesse
398 1969 551 2046 opinatum
574 1966 756 2028 labefactare
772 1971 903 2045 possent,
925 1969 1026 2028 verbis
1042 1967 1099 2028 illis
1115 1967 1267 2040 refutaret.
1297 1968 1405 2028 Altera

278 2069 385 2130 deinde
400 2070 605 2146 interrogatio,
627 2088 716 2145 quam
739 2070 864 2146 legimus
885 2089 912 2128 v.
930 2073 1024 2130 1125:
1047 2055 1245 2148 ἢκέρτσμός
1257 2084 1298 2146 με
1314 2065 1406 2126 θεοῦ

276 2190 326 2242 τις
349 2162 525 2253 ἐκπλήσσει
546 2161 647 2250 χαρύ;
669 2171 741 2232 satis
762 2190 913 2250 superque
937 2176 1076 2248 respecta
1098 2176 1177 2232 esset
1199 2172 1249 2230 illa
1271 2172 1403 2232 lectione

277 2280 416 2353 accepta,
446 2276 470 2334 si
499 2274 618 2352 quidem
647 2275 717 2334 mihi
745 2275 891 2334 assentias
920 2274 1047 2351 dicenti,
1078 2273 1157 2334 haud
1184 2275 1226 2334 ita
1250 2275 1344 2352 magis
1368 2292 1406 2334 ea

277 2376 462 2437 enuntiatum
485 2394 551 2438 esse
575 2395 661 2454 quam
686 2377 793 2454 prioris
816 2376 1012 2436 eontrarium:
1035 2395 1073 2436 an
1097 2394 1156 2435 non
1180 2375 1316 2454 aspicio?

363 2521 486 2590 Medea
509 2522 656 2604 deasq:
684 2513 784 2588 πόλλ’
805 2521 979 2603 ἐφέλκεται
1002 2514 1091 2608 φυγὴ
1115 2518 1204 2588 κακὰ
1225 2519 1287 2604 ξύν
1309 2516 1405 2607 αὑτῇ.

365 2651 433 2710 Una
456 2667 523 2708 eum
547 2647 744 2724 Kirehhollio,
769 2649 815 2708 eui
839 2649 964 2708 assentit
986 2648 1147 2726 Mellerns,
1169 2649 1279 2710 haecne
1302 2650 1406 2726 verba,

278 2771 355 2829 quae
379 2752 402 2812 si
427 2751 558 2828 genuina
581 2755 682 2812 essent
709 2750 848 2828 asyndeti
871 2752 1000 2812 causalis
1023 2751 1119 2827 ligura
1141 2769 1213 2811 usus
1239 2756 1330 2829 poeta
1352 2752 1405 2812 ad·

281 2854 413 2932 didisset,
435 2854 564 2930 glossam
588 2853 731 2914 existimo.

363 3003 425 3072 717
438 3020 509 3085 sup:
539 2995 660 3070 παύσω
688 3001 725 3068 δέ
751 2994 780 3069 σ’
804 2994 874 3070 ὄντ’
900 2995 1027 3070 ἄπαιδα
1053 3003 1109 3068 καὶ
1136 3004 1270 3070 παίδων
1300 3001 1406 3088 γονὰς

279 3107 410 3192 σπεῖραι
432 3123 468 3172 σε
490 3101 600 3190 θήσω.

363 3233 563 3295 sicomorum
587 3232 722 3292 eodieum
745 3234 894 3310 scriptura
923 3233 1064 3292 traditum
1088 3236 1150 3307 est3
1179 3237 1277 3293 tamen
1301 3235 1405 3295 neseio

278 3355 316 3397 an
339 3334 510 3396 Nauolrinm
533 3352 701 3412 sequamur,
727 3336 786 3413 qui,
809 3338 966 3412 postquam
990 3335 1167 3396 Kirehhollii
1192 3341 1260 3414 post
1281 3354 1404 3398 versum

279 3443 340 3500 716
357 3439 494 3498 laounam
512 3437 671 3497 statuentis
693 3437 863 3513 opinionem
879 3437 981 3497 reieoil
1004 3438 1164 3516 omniaque
1186 3440 1296 3516 optime
1313 3456 1404 3501 sensu

278 3541 440 3599 cohaerere
463 3539 692 3615 demonstravit,
723 3540 835 3615 pergit:
872 3539 982 3610 „Somit
1004 3540 1078 3599 wird
1103 3541 1157 3601 das
1179 3527 1321 3619 εύρημα,
1344 3559 1404 3602 von

278 3642 420 3702 walehem
444 3643 550 3702 Medea
573 3646 634 3704 716
657 3641 755 3718 redet,
777 3643 806 3700 in
831 3641 889 3701 den
914 3641 1077 3719 folgenden
1101 3645 1213 3702 Versen
1238 3644 1332 3702 nahor
1354 3644 1404 3704 be-

280 3745 430 3823 aeielrnet;
453 3750 524 3806 statt
546 3745 600 3806 des
616 3737 653 3804 δέ
674 3744 777 3805 wdrde
797 3745 951 3806 vielleiolrt
973 3747 1020 3804 ein
1037 3735 1100 3823 γάρ
1124 3745 1197 3805 oder
1220 3744 1274 3805 des
1289 3746 1403 3808 Felrlen

273 3848 363 3925 jeder
384 3847 519 3908 Partilrel
546 3865 777 3925 angemessener
799 3848 870 3907 sein.
917 3848 958 3908 lst
980 3848 1043 3908 dies
1071 3847 1126 3907 der
1149 3847 1226 3920 rull,
1255 3865 1288 3908 so
1312 3850 1405 3910 bietet

278 3951 341 4010 sloh
369 3950 417 4011 die
445 3949 582 4010 eiulaohe
609 3949 822 4010 Emendation:
855 3939 978 4008 παύσω
1006 3939 1069 4028 γὰρ
1098 3933 1169 4007 ὄντ’
1190 3937 1316 4009 ἄπαιδα
1346 3947 1405 4010 καλ

277 4047 414 4113 παίδων
428 4043 532 4132 γονὰς
547 4048 677 4132 σπεῖραι
694 4064 729 4112 σε
744 4041 842 4133 θήσω
859 4053 932 4114 oder
945 4043 1067 4111 παύσω
1084 4063 1120 4111 σε
1135 4037 1232 4128 φύντ’
1245 4042 1400 4112 ἄπαιδα.“

278 4156 423 4234 Equidem
452 4157 509 4216 hoe
537 4157 739 4234 praetulerim.
785 4155 873 4230 Quod
896 4160 993 4216 antem
1025 4155 1108 4215 addit
1129 4156 1176 4215 vir
1198 4156 1404 4216 doctissimus:

282 4257 404 4331 ,ludens
428 4259 524 4318 leiden
544 4262 576 4318 V.
594 4263 654 4320 717
665 4258 705 4335 lg.
727 4278 766 4318 an
790 4260 873 4319 einer
890 4259 1013 4318 selehen
1030 4258 1130 4318 Breite
1145 4258 1199 4319 des
1216 4257 1403 4338 Ausdruelrs,

278 4362 347 4422 dass
373 4362 420 4421 ioh
448 4363 521 4422 elren
551 4363 678 4439 glauben
710 4363 842 4437 moeurs,
874 4361 922 4420 die
945 4361 1060 4438 jetnige
1083 4362 1190 4422 Lesart
1216 4362 1328 4421 beruhe
1352 4363 1407 4422 auf
